2068 3406
245 157 329 198 376
671 152 843 196 EUSEB.
876 152 998 196 HIST.
1029 152 1175 195 ECCL.
1226 152 1316 195 LIB.
1347 152 1396 204 X,
1428 151 1465 193 5.

244 281 282 323 ἐν
315 279 438 333 ε’κείνη
475 281 524 333 τῇ
559 277 791 333 ἀντιγραφῇ,
828 278 867 320 ἐν
891 273 914 331 ᾖ
937 283 1019 326 τοῖς
1053 277 1191 326 αὐτοῖς
1220 275 1471 333 συνεχωρήθη
1503 275 1526 333 ἡ
1553 276 1718 333 τοιαύτη
1745 278 1891 332 ε’ξεσία,

245 356 383 401 ε’δόκεν
415 362 734 411 προστεθεῖσθαι
766 358 926 409 σαφῶς,
960 355 1078 411 τυχὸν
1112 355 1206 405 ἴσως
1236 354 1337 403 τινὲς
1371 355 1503 398 αὐτῶν
1533 354 1613 410 μετ’
1651 355 1781 411 ὀλίγον
1814 353 1892 399 ἀπὸ

245 439 316 490 τῆς
345 433 532 489 τοιαύτης
564 432 883 488 παραφυλάξεως
918 432 1164 489 ἀνεκρέοντο.
1218 432 1336 476 ὁπότε
1371 432 1540 489 εὐτυχῶς
1574 432 1647 489 ε’γῶ
1675 439 1893 478 Κωνσταν-

245 521 350 562 τῖνος
375 511 395 555 ὁ
425 510 636 567 Αὖγεστος
672 510 777 565 κάγώ
805 510 1006 560 Λικίννιος
1040 511 1060 555 ὁ
1085 509 1298 566 Αὕγεστος
1326 511 1366 554 ἐν
1401 515 1450 565 τῇ
1487 509 1720 565 Μεδιολάνῳ
1754 509 1894 566 ἐληλύ-

243 598 401 645 θειμεν,
443 588 507 634 καὶ
543 588 676 632 πάντα
712 587 787 632 ὅσα
821 588 922 644 πρὸς
954 587 998 632 τὸ
1040 587 1236 637 λυσιτελὲς
1278 586 1344 631 καὶ
1379 587 1423 632 τὸ
1458 587 1648 644 χρήσιμον
1686 592 1742 642 τῷ
1776 592 1894 643 κοινῷ

245 670 431 723 διέφερεν,
466 669 506 710 ἐν
541 666 691 723 ζητήσει
726 667 897 721 ἔσχομεν,
933 669 1062 709 ταῦτα
1088 664 1236 722 μεταξὺ
1260 669 1338 710 τῶν
1368 670 1528 721 λοιπῶν,
1564 664 1680 710 ἅτινα
1704 665 1829 710 ε’δόκει
1856 667 1895 710 ἐν

243 750 407 794 πολλοῖς
443 744 590 788 ἅπασιν
624 746 808 799 ἐπωφελῆ
843 745 954 799 εἶναι,
987 748 1138 799 μᾶλλον
1173 743 1215 787 δὲ
1243 745 1283 787 ἐν
1312 742 1485 799 πρώτοις
1511 743 1694 796 διατάξαι
1728 746 1895 802 ἓδογμα-

244 825 419 879 τίσαμεν,
456 823 515 872 οἷς
542 822 564 877 ἡ
592 820 691 878 πρὸς
717 819 763 865 τό
790 828 902 865 θεῖον
931 821 1053 871 αἰδώς
1080 840 1121 865 τε
1156 820 1221 864 καὶ
1250 818 1295 864 τό
1326 823 1443 879 σέβας
1470 823 1648 879 ἐνείχετο,
1676 823 1753 868 τῢτ’
1780 825 1895 878 ἔστιν,

246 900 354 951 ὅπως
387 904 511 956 δῶμεν
546 897 611 944 καὶ
641 907 725 949 τοῖς
758 906 1017 954 Χριστιανοῖς
1051 898 1117 943 καὶ
1147 903 1269 943 πᾶσιν
1297 901 1512 956 ἐλευθέραν
1542 900 1691 957 αἵρεσιν
1716 904 1764 945 m}
1797 901 1896 945 ἀκο-

247 984 381 1023 λεθεῖν
414 982 460 1034 τῇ
481 978 689 1034 θρησκείᾳ,
724 974 748 1032 ᾗ
784 978 819 1020 δ’
855 974 903 1021 ἂν
936 980 1184 1036 βεληθῶσιν·
1220 976 1340 1031 ὅπως,
1369 975 1391 1020 ὅ
1424 978 1466 1021 τί
1489 979 1589 1022 ποτέ
1619 980 1701 1023 ἐστι
1736 978 1897 1036 θειότης

246 1055 311 1101 καὶ
347 1056 481 1112 ἐρανιέ
515 1053 770 1112 πράγματος,
811 1054 900 1110 ἡμῖν
933 1054 998 1098 καὶ
1041 1058 1140 1099 πᾶσι
1183 1062 1267 1104 τοῖς
1305 1054 1380 1098 ὑπὸ
1415 1055 1487 1111 τὴν
1517 1055 1710 1112 ἡμετέραν
1743 1057 1898 1110 §gaasar

247 1134 422 1191 διάγεσιν
454 1133 608 1189 εὐμενὲς
643 1135 740 1176 εἶναι
775 1136 938 1187 δυνηθῇ.
998 1133 1129 1175 τοίνυν
1152 1131 1299 1188 ταύτην
1327 1131 1397 1189 τὴν
1421 1132 1579 1191 βόλησιν
1606 1132 1676 1190 τὴν
1708 1134 1898 1191 ἡμετέραν

246 1214 395 1269 ὑγιεινῷ
430 1210 495 1256 καὶ
535 1211 752 1267 ὀρθοτάτῳ
797 1213 968 1266 λογισμῷ
1006 1210 1336 1265 ἐδογματίσαμεν,
1383 1209 1490 1260 ὅπως
1529 1209 1662 1267 μηδενὶ
1696 1215 1899 1261 παντελῶς

245 1291 379 1343 ἕξεσία
410 1290 579 1345 ἀρνητέα
609 1286 630 1344 ᾖ
655 1293 701 1332 τῦ
733 1288 944 1331 ἀκολεθεῖν
978 1286 1044 1331 καὶ
1071 1290 1274 1344 αἱρεῖσθαι
1300 1285 1370 1343 τὴν
1392 1292 1470 1331 τῶν
1490 1293 1744 1344 Χριστιανῶν
1765 1308 1899 1345 παρα-

245 1368 413 1425 φύλαξιν
448 1365 470 1423 ἢ
505 1368 743 1422 θρησκείαν,
789 1364 943 1419 ἑκάστῳ
977 1384 1019 1408 τε
1055 1367 1189 1417 ἑξεσιά
1228 1366 1366 1421 δοθείη
1410 1369 1457 1410 τιῖ
1492 1366 1643 1411 διδόναι
1676 1368 1794 1412 §ami
1828 1366 1899 1422 τὴν

246 1446 423 1490 διάνοιαν
456 1446 496 1489 ἐν
528 1445 649 1498 ε’κείνη
686 1447 734 1498 τῇ
768 1444 977 1499 θρησκείᾳ,
1011 1441 1056 1498 ἢν
1082 1441 1203 1492 αὐτὸς
1233 1445 1362 1498 ἑαυτῷ
1397 1442 1581 1499 ἁρμόζειν
1611 1444 1760 1500 νομίζῃ,
1794 1443 1900 1495 ὅπως

246 1524 334 1580 ἡμῖν
371 1526 519 1579 δυνηθῇ
556 1521 601 1565 τὸ
637 1528 752 1564 θεῖον
783 1522 824 1564 ἑν
860 1525 960 1564 πᾶσι
1003 1519 1073 1577 την
1106 1523 1246 1576 ἔθιμον
1280 1519 1454 1577 σπουδήν
1488 1520 1554 1566 καὶ
1597 1522 1902 1579 καλοκάγαθίαν

245 1603 438 1657 παρέχειν.
489 1598 605 1643 ἅτινα
634 1598 734 1648 ἔτως
768 1598 944 1654 ἀρέσκειν
966 1599 1054 1655 ἡμῖν
1078 1597 1320 1655 ἀντιγράψαι
1345 1598 1548 1644 ἀκόλεθον
1573 1597 1633 1656 ἦν,
1664 1599 1705 1644 ἵν’
1732 1600 1901 1657 ἀφαιρε-

245 1682 391 1723 θεισῶν
423 1681 627 1726 παντελῶς
660 1681 738 1720 τῶν
773 1677 980 1732 αἱρέσεων,
1023 1675 1166 1725 αἵτινες
1200 1683 1284 1725 τοῖς
1316 1678 1524 1732 προτέροις
1557 1677 1666 1734 ἡμῶν
1697 1677 1901 1734 γράμμασι

246 1764 329 1806 τοῖς
362 1755 463 1812 πρὸς
495 1755 565 1810 την
601 1754 672 1809 σὴν
706 1756 953 1799 καθοσίωσιν
988 1754 1245 1798 ἀποσταλεῖσι
1279 1753 1367 1811 περὶ
1404 1759 1480 1799 τῶν
1515 1759 1768 1813 Χριστιανῶν
1801 1756 1899 1800 ε’νεί-

243 1852 374 1891 χοντο,
410 1831 475 1877 καὶ,
506 1831 620 1876 ἅτινα
641 1832 745 1875 πάνυ
774 1831 893 1876 σκαιά
924 1831 989 1875 καὶ
1024 1835 1095 1887 τῆς
1120 1831 1312 1888 ἡμετέρας
1332 1832 1558 1889 πρᾳότητος
1589 1833 1784 1889 ἀλλότρια
1804 1837 1901 1878 εἶναι

247 1911 384 1966 ἐδόκει,
420 1914 549 1954 ταῦτα
584 1910 809 1966 ὑφαιρεθῇ,
856 1907 921 1952 καὶ.
957 1913 1024 1951 νῦν
1060 1910 1281 1966 ἐλευθέρως
1323 1928 1363 1953 τε
1407 1908 1472 1953 καὶ
1512 1911 1698 1961 ἀπλανῶς
1736 1912 1903 1961 ἕκαστος

247 1993 324 2033 τῶν
358 1988 429 2044 την
464 1986 586 2043 αὐτὴν
614 1988 845 2045 προαίρεσιν
879 1986 1102 2043 ἐσχηκότων
1134 1990 1177 2031 τῦ
1204 1987 1419 2043 φυλάττειν
1453 1986 1522 2044 τὴν
1553 1993 1631 2033 τῶν
1650 1992 1904 2045 Χριστιανῶν

246 2067 465 2123 θρησκείαν
502 2064 595 2109 ἄνευ
631 2064 738 2115 τινὸς
772 2064 965 2121 ὀχλήσεως
999 2069 1091 2108 τῦτο
1125 2063 1226 2108 αὐτό
1252 2065 1574 2122 παραφυλάττοι.
1634 2066 1751 2110 ἅτινα
1780 2071 1826 2122 τῇ
1855 2069 1902 2121 σῇ

248 2143 447 2202 ἐπιμελείᾳ
480 2143 733 2200 πληρέστατα
768 2147 945 2199 δηλῶσαι
979 2143 1310 2199 ἐδογματίσαμεν,
1345 2142 1452 2193 ὅπως
1487 2143 1624 2200 εἰδείης
1657 2144 1758 2200 ἡμᾶς
1790 2146 1900 2189 ἕλευ-

247 2224 372 2279 θέραν
404 2219 470 2266 καὶ
507 2221 799 2277 ἀπολελυμένην
823 2219 978 2272 ε’ξεσίαν
1005 2224 1052 2264 τῦ
1080 2225 1256 2277 τημελεῖν
1283 2219 1352 2277 τὴν
1385 2223 1537 2266 ἑαυτῶν
1571 2222 1789 2279 θρησκείαν
1820 2229 1905 2272 τοῖς

249 2299 387 2348 αὐτοῖς
428 2305 684 2353 Χριστιανοῖς
724 2299 944 2342 δεδωκέναι.
1008 2297 1104 2354 ὅπερ
1149 2297 1280 2355 ἐπειδὴ
1323 2300 1623 2355 ἀπολελυμένως
1664 2299 1799 2349 αὐτοῖς
1838 2298 1900 2355 ὑφ’

249 2377 358 2433 ἡμῶν
384 2380 651 2433 δεδωρῆσθαι,
682 2383 833 2432 θεωρεῖ
852 2375 873 2432 ἡ
898 2373 944 2432 σὴ
977 2377 1237 2431 καθοσίωσις,
1273 2376 1336 2421 καὶ
1360 2379 1507 2434 ἑτέροις
1530 2377 1725 2422 δεδόσθαι
1748 2377 1904 2429 ἐξεσιάν

249 2462 334 2504 τοῖς
365 2454 592 2512 βελομένοις
625 2457 671 2497 τίῖ
698 2455 955 2510 μετέρχεσθαι
987 2454 1058 2510 τήν
1085 2454 1359 2511 παρατήρησιν
1386 2452 1452 2499 καὶ
1483 2455 1703 2512 θρησκείαν
1729 2456 1901 2498 ἑαυτῶν·

251 2532 346 2589 ὅπερ
379 2531 586 2581 ἀκολέθως
620 2534 667 2586 τῇ
698 2531 836 2588 ἡσυχίᾳ
867 2535 946 2575 τῶν
980 2531 1176 2590 ἡμετέρων
1202 2536 1350 2590 καιρῶν
1372 2533 1551 2589 γίνεσθαι
1586 2531 1756 2590 φανερόν
1783 2533 1901 2587 ἐστιν,

347 2677 379 2708 2.
414 2669 535 2716 σαφῶς
560 2669 748 2713 abcqhik
760 2669 960 2713 NSVHB,
994 2669 1138 2716 α’σαφῶς
1165 2671 1235 2715 dfi
1259 2673 1294 2716 (a
1313 2681 1382 2705 see.
1400 2671 1472 2716 m.).
1510 2671 1598 2705 illud
1629 2671 1730 2704 unice
1754 2675 1902 2705 rectum:

251 2731 296 2764 ef.
322 2742 355 2774 p.
371 2735 449 2772 576,
469 2735 524 2767 19.
555 2728 559 2775 Ι
592 2734 648 2766 10.
669 2725 815 2773 θειότης
840 2728 1081 2772 ασρῘιΒΙῙΗ,
1107 2731 1314 2772 „divinitas“
1334 2730 1433 2764 Lact.
1460 2729 1516 2773 (de
1541 2734 1640 2764 mort.
1666 2741 1755 2774 pers.
1783 2740 1813 2764 e.
1831 2730 1903 2774 48),

250 2786 440 2831 θειότητος
455 2788 670 2831 fikaB,
695 2785 866 2821 θειοτάτε
891 2787 938 2821 Ν.
976 2787 980 2833 Ι
1019 2794 1075 2826 16.
1103 2789 1229 2836 νομίζῃ
1256 2789 1485 2833 chiVHB,
1511 2788 1645 2833 νομίζει
1670 2788 1746 2822 ahi
1770 2789 1806 2834 (a
1833 2799 1902 2822 sec.

251 2847 357 2891 man.)
381 2847 518 2882 loaeNS.
549 2846 555 2893 1
587 2853 642 2884 22.
671 2843 858 2891 ἀπλανῶς]
886 2844 1009 2880 ἁπλῶς
1032 2847 1046 2879 ’ἰ
1071 2847 1122 2890 (in
1146 2849 1269 2893 marg.)
1298 2848 1344 2881 N.
1377 2848 1382 2893 l
1411 2852 1490 2892 post
1513 2846 1656 2882 ἕκαστος
1681 2847 1758 2880 add.
1785 2843 1904 2881 αὖτῶν

249 2906 418 2951 yikNB.
455 2906 460 2952 Ι
506 2911 562 2944 28.
592 2903 837 2950 δεδωρῆσθαι]
873 2900 1069 2951 δεδώρηται
1100 2907 1319 2940 scribendum
1349 2917 1425 2940 esse
1461 2907 1550 2950 conj.
1581 2907 1641 2941 Va,
1684 2907 1788 2940 immo
1822 2917 1902 2940 vero

251 2970 330 3010 post
356 2963 424 3000 δεδ.
451 2966 622 2999 excidisse
647 2964 791 2998 verbum
816 2964 974 3007 aliquod,
1007 2965 1097 2998 unde
1130 2965 1278 3009 pendeat
1301 2966 1493 2999 infinitivus
1519 2962 1608 3005 δεδ.,
1638 2964 1733 2998 velut
1757 2962 1903 3009 συνορᾷς

254 3024 348 3067 (coll.
374 3035 408 3068 p.
435 3029 514 3066 578,
543 3024 624 3068 17.),
650 3027 789 3068 apparet
815 3034 858 3056 ex
882 3024 1076 3065 Lactantio,
1102 3025 1161 3068 qui
1185 3025 1292 3060 verba.
1316 3025 1570 3059 constitutionis
1594 3028 1731 3057 nostrae
1755 3024 1806 3058 sic
1834 3034 1902 3057 ser-

254 3083 363 3114 vavit:
390 3083 501 3126 „quod
520 3093 596 3116 cum
615 3082 748 3115 hisdem
770 3093 790 3115 a
804 3083 909 3119 nobis!
922 3083 1092 3116 indultum
1117 3094 1190 3117 esse
1209 3084 1399 3128 pervideas,
1419 3083 1584 3127 intelligit
1604 3082 1756 3127 dignatio
1783 3084 1902 3116 tua..“

1923 993 1967 1026 10

1925 1380 1967 1413 15

1927 1770 1971 1802 20

1927 2158 1971 2190 25

1929 2546 1973 2578 30
