2052 3422
869 165 1173 208 PRAEFATIO.
1820 178 1848 208 v

320 284 566 335 Discedunt
600 291 746 333 autem
779 285 960 335 codices
993 285 1195 346 Eusebii,
1232 286 1304 353 qui
1337 284 1511 348 quidem
1547 285 1696 334 collati
1731 292 1847 343 sunt,

189 377 233 424 in
267 376 454 423 familias
489 383 594 423 tres.
661 376 842 439 primam
884 376 1090 423 familiam
1135 375 1329 423 efficiunt
1370 375 1469 423 libri
1514 375 1689 439 bedf,
1736 389 1847 437 quos

190 482 251 513 ex
289 480 378 512 uno
415 464 663 527 eodemque
707 464 830 512 fonte
864 465 1050 513 fluxisse
1087 464 1219 512 facile
1255 472 1466 528 apparet„
1509 472 1554 512 et
1587 466 1701 512 inter
1736 480 1846 527 quos

189 556 430 619 principem
467 555 614 601 locum
649 553 816 601 obtinet
851 554 999 601 codex
1034 572 1072 601 c.
1143 554 1287 601 eidem
1318 554 1509 601 familiae
1539 553 1847 602 accensendus

190 651 259 692 est
287 660 346 702 x,
380 643 495 691 liber
529 645 772 706 egregius,
810 659 937 705 quem
974 659 1064 691 non
1099 645 1320 705 integrum
1350 643 1513 707 publici
1542 645 1653 705 juris
1685 644 1849 691 factum

190 749 294 782 esse
331 749 355 779 a
378 732 654 793 Gersdorfio⁷
689 735 788 780 viro
826 733 1137 792 eruditissimo,
1179 749 1461 796 summopere
1498 733 1734 781 dolendum
1768 740 1848 781 est.

191 825 373 872 alteram
401 823 608 870 familiam
637 822 828 870 efficiunt
853 821 951 870 libri
983 822 1056 880 ik,
1095 824 1266 869 tertiam
1301 841 1332 869 α
1350 839 1404 870 e:
1440 822 1629 869 medium
1659 823 1849 885 denique

188 912 406 976 quendam
441 914 556 959 inter
591 911 833 960 secundam
869 919 914 959 et
944 913 1116 959 tertiam
1149 912 1355 959 familiam
1383 913 1529 959 locum
1565 911 1732 960 obtinet
1763 928 1848 959 co-

189 1002 279 1049 dex
313 1001 368 1060 lt,
414 1003 488 1064 qui
530 1000 662 1048 modo
709 1015 806 1047 cum
851 1001 975 1050 libris
1013 1018 1110 1060 ae,
1155 1003 1334 1065 saepius
1383 1017 1481 1048 cum
1517 1002 1576 1049 ik.
1617 1003 1848 1049 consentit.

187 1092 342 1139 horum
374 1090 586 1139 librorum
631 1105 762 1153 quum
806 1093 926 1154 optio
971 1093 1199 1154 proposita
1243 1099 1391 1151 esset,
1437 1099 1539 1138 ante
1578 1093 1661 1139 alia
1705 1093 1850 1138 onmia

187 1180 452 1229 semovendi
488 1194 592 1228 esse
635 1178 900 1228 videbantur
943 1181 1124 1228 codices
1159 1182 1216 1241 ii„
1256 1196 1367 1243 quos
1408 1197 1543 1245 supra
1586 1181 1642 1228 ad
1676 1183 1850 1228 tertiam

186 1270 391 1317 familiam
435 1269 690 1317 retulimus:
734 1277 836 1317 sunt
881 1271 1022 1330 enim7
1076 1270 1181 1317 licet
1222 1271 1432 1331 vulgata.
1487 1286 1601 1332 quae
1644 1277 1849 1328 vocatur„

186 1361 403 1423 scriptura
448 1374 509 1405 ex
551 1359 604 1406 iis
646 1357 849 1418 fluxerit„
893 1359 1129 1407 manifesto
1174 1361 1452 1422 interpolati,
1498 1367 1542 1407 et
1585 1376 1609 1407 a
1655 1361 1849 1421 genuina

186 1449 415 1511 scriptoris
446 1462 578 1494 manu
606 1448 868 1508 longissime
901 1447 1145 1495 discedunt.
1214 1449 1296 1495 sed
1332 1451 1446 1496 inter
1482 1449 1663 1496 codices
1698 1448 1856 1512 bedf

188 1544 234 1584 et
265 1535 385 1594 kik,
420 1536 513 1595 vel,
546 1542 594 1583 ut
620 1534 762 1582 verbo
794 1535 951 1596 dicam„
987 1538 1103 1584 inter
1133 1555 1159 1584 c
1185 1544 1228 1585 et
1254 1537 1287 1583 Ιι
1315 1538 1382 1598 (hi
1414 1540 1529 1585 enim
1559 1546 1660 1587 sunt
1687 1538 1847 1585 diver-

187 1640 335 1673 sarum
369 1626 556 1688 partium
601 1626 726 1686 quasi
771 1624 908 1672 duces
943 1633 987 1672 et
1022 1628 1327 1688 antesignani)
1374 1627 1558 1675 difficilis
1603 1635 1672 1675 est
1713 1629 1846 1691 optio.

185 1729 274 1761 non
310 1728 459 1775 nego,
502 1728 573 1759 me
604 1712 677 1759 diu
715 1727 982 1776 suspensum
1018 1714 1258 1763 fluctuasse
1298 1717 1412 1763 inter
1447 1723 1701 1779 utrumque:
1746 1732 1846 1763 nam

186 1804 269 1850 etsi
304 1802 453 1849 codex
482 1820 509 1849 c
538 1801 733 1849 bonitate
770 1809 813 1849 et
844 1802 1071 1864 diligentia
1100 1806 1347 1867 scripturae
1371 1822 1507 1869 super
1542 1813 1720 1854 ceteros
1754 1822 1846 1853 ex-

185 1892 352 1939 cellere
387 1891 608 1950 videatur„
638 1899 785 1938 tamen
814 1892 929 1938 haud
963 1908 1068 1940 raro
1099 1894 1247 1941 codex
1276 1894 1309 1941 ler
1345 1895 1595 1958 suppeditat
1629 1897 1844 1943 rectiora:

185 1980 287 2043 quid
318 1981 436 2043 quod
470 1981 545 2028 ille
581 1981 831 2043 aliquoties,
866 1989 913 2028 ut
939 1998 980 2045 p.
1007 1983 1052 2041 7,
1078 1985 1157 2041 25,
1189 1986 1429 2044 genuinam
1451 1984 1636 2032 Eusebii
1672 2001 1846 2032 manum

183 2072 386 2117 servavit
420 2085 534 2118 unus
570 2071 774 2117 omnium.
845 2069 987 2118 differt
1023 2087 1047 2117 a
1078 2072 1235 2119 codice
1259 2091 1285 2120 c
1314 2073 1463 2121 codex
1490 2073 1521 2120 Ιι
1550 2076 1741 2122 maxime
1772 2091 1844 2135 eo,

186 2158 304 2220 quod
347 2159 480 2206 multa
516 2160 696 2218 omittit,
743 2174 883 2220 quae.
929 2167 974 2207 ut
1010 2164 1227 2209 sententia
1273 2171 1396 2210 recte
1432 2179 1482 2210 se
1522 2163 1708 2224 habeat,
1755 2180 1844 2211 non

185 2248 445 2294 necessario
481 2249 787 2309 requiruntur:
834 2256 878 2296 et
913 2265 1043 2311 quum
1086 2251 1184 2298 fere
1219 2254 1278 2299 ita
1321 2253 1660 2300 existimandum
1696 2255 1777 2312 sit,
1821 2270 1846 2300 a

185 2334 374 2383 librariis
411 2337 590 2399 saepius
627 2344 856 2399 peccatum
890 2354 993 2386 esse
1020 2340 1241 2401 addendo,
1279 2357 1406 2404 quam
1437 2343 1694 2403 omittendo,
1729 2343 1844 2389 haud

185 2425 300 2471 levis
335 2425 438 2471 inde
474 2425 796 2474 commendatio
832 2428 1053 2475 accedere
1089 2429 1265 2477 videtur
1299 2430 1398 2477 huic
1437 2432 1578 2479 codici
1615 2440 1658 2479 et
1692 2439 1844 2479 cetera

186 2516 389 2575 egregio.
426 2521 470 2561 at
498 2515 613 2560 enim
642 2529 754 2561 vcro
786 2519 1034 2565 accuratius
1058 2534 1108 2564 re
1130 2535 1354 2582 perpensa
1379 2522 1596 2580 intellexi.
1632 2521 1844 2568 librorum

186 2601 289 2648 kik
325 2603 542 2650 lectiones
579 2618 679 2661 eas7
727 2619 840 2665 quae
875 2606 952 2653 vel
987 2607 1239 2668 elegantia.
1285 2610 1361 2656 vel
1402 2611 1676 2673 simplicitate
1713 2626 1842 2657 com-

185 2690 384 2738 mendari
417 2691 638 2751 videntur7
666 2692 781 2739 haud
811 2709 914 2741 raro
944 2694 1096 2743 deberi
1120 2699 1303 2745 istorum
1332 2698 1608 2746 librariorum
1637 2714 1724 2745 non
1756 2706 1840 2746 tam

185 2779 286 2826 fidei
315 2787 359 2827 et
384 2780 657 2842 diligentiae,
684 2797 812 2843 quam
836 2784 1063 2832 sollertiae
1088 2794 1131 2833 et
1159 2789 1355 2848 ingenio.
1413 2788 1455 2834 id
1483 2804 1542 2834 ex
1572 2804 1626 2835 eo
1650 2789 1840 2836 maxime

185 2876 394 2931 apparet.
449 2870 566 2932 quod
608 2870 849 2918 Eusebium
895 2874 1167 2937 interpolare
1213 2877 1358 2924 solent
1404 2892 1462 2923 ex
1497 2877 1749 2940 Nicephoro
1770 2879 1840 2937 ἦ),

279 3001 313 3042 ak)
338 3001 451 3034 Veluti
475 3013 509 3045 p.
527 3007 581 3041 27,
602 3008 654 3039 10.
682 3009 762 3043 not„
789 3005 832 3037 cs.
860 3006 998 3039 Bur-toni
1027 3014 1096 3039 not.
1124 3019 1140 3040 e
1166 3008 1263 3040 'sonu
1293 3009 1316 3040 l.
1345 3020 1375 3051 p.
1398 3014 1452 3044 55.
1486 3029 1526 3033 —
1555 3022 1587 3053 p.
1610 3015 1735 3050 31,16.
1759 3018 1837 3050 not.³

187 3064 230 3096 cs.
245 3064 338 3097 Burt.
359 3071 430 3098 not.
449 3077 466 3098 z
482 3067 579 3100 Tom.
600 3068 626 3101 l.
649 3079 681 3111 p,
697 3073 751 3105 63.
769 3089 809 3094 —
824 3081 854 3114 p.
871 3076 925 3111 65,
942 3076 1009 3111 25.,
1028 3072 1086 3104 ubi
1111 3074 1277 3116 scriptura
1300 3073 1429 3106 codici„
1448 3073 1468 3106 Ιι
1490 3070 1585 3107 mizon*
1603 3072 1638 3108 δὲ
1661 3073 1757 3110 ιε’ςδε
1779 3077 1838 3109 vis
