2068 3342
225 127 251 166 6
660 119 831 163 EUSEB.
864 118 985 161 HIST.
1016 117 1161 160 ECCL.
1212 116 1303 160 LIB.
1333 116 1363 169 1,
1393 117 1432 158 2.

223 249 292 292 τὸν
326 252 402 292 τῶν
439 244 623 290 ἁπάντων
667 242 737 288 σὺν
777 247 832 297 τῷ
875 241 995 298 πατρὶ
1041 240 1292 298 δημιουργὸν,
1338 240 1406 286 τόν
1446 240 1629 297 δεύτερον
1666 239 1768 297 μετὰ
1801 238 1869 285 τὸν

222 328 375 382 πατέρα
411 328 487 368 τῶν
518 322 620 367 ὅλων
647 321 787 375 αἴτιον,
823 319 890 364 τὸν
919 325 990 364 τοῦ
1017 324 1114 364 θεοῦ
1141 326 1264 363 παῖδα
1292 319 1448 375 γνήσιον
1478 316 1543 362 καὶ
1566 322 1766 374 μονογενῆ,
1799 318 1870 362 τὸν

224 408 302 447 τῶν
335 405 523 458 γεννητῶν
557 399 744 443 ἁπάντων
777 398 911 454 κύριον
937 396 1001 442 καὶ
1029 398 1127 442 θεὸν
1159 396 1223 442 καὶ
1249 398 1427 455 βασιλέα,
1457 394 1502 439 τὸ
1537 400 1657 452 κῦρος
1681 395 1780 450 ὁμοῦ
1803 394 1868 439 καὶ

223 480 268 526 τὸ
303 480 449 536 κράτος
485 478 583 532 αὐτῇ
617 476 781 532 θεότητι
815 475 881 520 καὶ
916 475 1076 531 δυνάμει
1110 474 1175 519 καὶ
1210 478 1298 531 τιμῇ
1332 472 1444 530 παρὰ
1477 477 1548 518 τοῦ
1581 473 1735 530 πατρὸς
1770 473 1870 518 ὑπο-

223 561 464 613 δεδεγμένον,
506 555 568 600 ὅτι
603 553 650 610 δὴ
684 552 786 598 κατὰ
821 551 894 603 τὰς
926 552 1014 610 περὶ
1049 552 1174 596 αὐτοῦ
1202 549 1393 608 μυστικάς
1421 555 1499 595 τῶν
1530 555 1691 608 γραφῶν
1723 556 1869 596 θεολο-

254 637 262 650 ι
374 637 383 649 2
453 634 461 647 ι
520 637 537 644 «-
575 630 590 647 τ
653 632 661 646 ε
734 631 743 645 t
915 628 924 643 κ
965 630 974 644 e
1049 628 1059 642 t
1169 627 1183 644 τ
1295 628 1303 642 ι
1390 627 1399 641 ³
1520 627 1529 642 x
1660 627 1670 642 s
1763 626 1773 642 n
1829 626 1847 644 τ

223 655 309 692 γιας
337 655 404 689 ,,εν
440 652 536 689 αρχῃ
571 653 615 688 ην
645 653 665 677 ο
698 637 825 688 λογος,
861 651 924 674 και
957 650 977 673 ο
1013 636 1126 686 λογυς
1161 650 1207 686 ην
1233 649 1332 685 προς
1360 649 1429 673 τον
1462 637 1571 684 θεον,
1605 649 1671 674 και
1705 637 1802 679 θεος
1827 648 1872 684 ην

224 714 244 757 ὁ
280 713 414 769 λόγος·
459 711 590 754 πάντα
626 711 669 754 δι’
702 710 827 753 αὐτοῦ
861 710 1031 764 ἐγένετο,
1070 706 1136 752 καὶ
1167 707 1285 764 χωρὶς
1327 707 1450 750 αὐτοῦ
1488 709 1633 762 ἐγένετο
1668 706 1758 750 οὐδὲ
1793 704 1870 749 ἕν.“

183 789 342 834 4τοῦτό
377 808 438 833 τοι
468 787 533 832 καὶ
562 789 582 831 ὁ
617 791 735 844 μέγας
759 790 945 842 Μωῦσῆς,
978 784 1080 836 ῶςιὶν
1114 789 1328 842 προφητῶν
1371 785 1556 829 ἁπάντων
1586 783 1871 838 παλαιότατος,

223 870 320 922 θείῳ
354 866 545 922 πνεύματι
569 864 639 921 τὴν
673 870 745 909 τοῦ
768 862 916 914 παντός
946 865 1130 908 οὐσίωσίν
1160 882 1202 907 τε
1237 862 1302 906 καὶ
1336 862 1589 919 διακόσμησιν
1616 862 1871 918 ἀπογράφων,

223 947 294 990 τὸν
327 942 566 1002 κοσμοποιόν
600 943 664 987 καὶ
689 941 921 999 δημιουργὸν
945 946 1021 985 τῶν
1054 941 1156 985 ὅλων
1184 941 1294 995 αὐτῶ
1329 940 1374 995 δὴ
1410 944 1466 993 τῷ
1484 944 1658 995 Χριστῷ,
1693 939 1757 983 καὶ
1781 939 1870 983 οὐδὲ

224 1022 331 1077 ἄλλῳ
366 1021 389 1078 ἢ
425 1027 481 1077 τῷ
514 1023 611 1075 θείῳ
649 1022 795 1077 δηλαδὴ
830 1019 894 1064 καὶ
928 1019 1166 1075 πρωτογόνῳ
1202 1021 1347 1063 ἑαυτοῦ
1381 1017 1482 1073 λόγῳ
1515 1016 1584 1073 τὴν
1617 1022 1696 1061 τῶν
1729 1018 1872 1076 ὑποβε-

221 1101 398 1159 βηκότων
438 1102 591 1155 ποίησιν
625 1102 940 1155 παραχωροῦντα
975 1097 1169 1151 διδάσκει,
1214 1096 1323 1150 αὐτῷ
1360 1114 1401 1139 τε
1436 1094 1780 1151 κοινολογούμενον
1811 1093 1872 1139 ἐπὶ

951 1174 975 1197 “
1011 1172 1140 1230 φησὶν,
1175 1173 1223 1227 ,,ὁ
1259 1171 1368 1227 θεὸς,
1401 1172 1624 1228 ποιήσωμεν
1658 1171 1873 1229 ἄνθρωπον

222 1183 292 1234 τῆς
326 1178 664 1234 ἀνθρωπογονιάς.
717 1180 825 1230 „dm
859 1174 946 1232 γὰρ,

184 1262 205 1300 5
223 1256 304 1300 κατ’
342 1255 472 1299 εἰκόνα
501 1255 691 1310 ἡμετέραν
716 1253 782 1297 καὶ
809 1254 900 1297 καθ’
927 1249 1151 1308 ὁμοίωσιν.“
1185 1250 1333 1305 ταύτην
1360 1250 1399 1294 δὲ
1430 1252 1614 1306 ἐγγυᾶται
1643 1249 1712 1306 τὴν
1743 1248 1875 1306 φωνην

222 1337 435 1388 προφητῶν
471 1330 606 1385 ἄλλος,
635 1329 711 1375 ὧδέ
736 1350 820 1380 πως
843 1333 881 1374 ἐν
914 1330 1048 1385 ὕμνοις
1076 1332 1280 1385 θεολογῶν
1308 1328 1458 1383 ,,αὐτὸς
1492 1331 1586 1383 εἷπε,
1622 1326 1686 1372 καὶ
1723 1327 1872 1383 ἐγεννή-

222 1420 376 1467 θησαν’
413 1408 535 1459 αὐτὸς
566 1409 797 1462 ἐνετείλατο,
832 1406 895 1450 καὶ
924 1404 1205 1462 ἐκτι’σθησαν,“
1242 1404 1310 1449 τὸν
1333 1405 1400 1460 μὲν
1423 1407 1579 1461 πατέρα
1613 1404 1678 1449 καὶ
1713 1403 1877 1460 ποιητὴν

223 1488 383 1543 εἰςιίγων
411 1485 515 1536 ῶςάν
548 1485 809 1542 πανηγεμόνα,
844 1488 1035 1541 βασιλικῷ
1066 1483 1227 1538 νεύματι
1251 1482 1572 1538 προςτοὲττοντα,
1601 1481 1670 1526 τὸν
1706 1481 1747 1526 δὲ
1773 1482 1877 1536 τύτῳ

224 1566 504 1621 δευτερεύοντα
528 1571 640 1607 θεῖον
667 1562 795 1619 λόγον,
827 1562 898 1617 οὐχ
925 1564 1057 1617 ἕτερον
1088 1565 1160 1604 τοῦ
1186 1560 1287 1615 πρὸς
1321 1560 1427 1614 ἡμῶν
1454 1562 1756 1616 κηρυττομένου,
1791 1567 1878 1608 ταῖς

185 1649 433 1699 ὃπατρικαΐς
468 1641 689 1692 ἐπιτάξεσιν
717 1640 1002 1694 ὑπουργοῦντα.
1053 1642 1198 1681 τοῦτον
1224 1635 1288 1680 καὶ
1317 1635 1395 1680 ἀπὸ
1421 1636 1579 1693 πρώτης
1614 1637 1874 1691 ἀνθρωπογο-

224 1722 309 1770 νίας
337 1719 495 1774 πάντες,
526 1718 612 1762 ὅσοι
642 1716 687 1773 δὴ
709 1715 933 1770 δικαιοσύνῃ
960 1714 1025 1759 καὶ
1048 1716 1279 1770 θεοσεβείας
1303 1714 1424 1769 ἀρετ-ᾗ
1450 1716 1667 1770 διαπρέψαι
1687 1716 1876 1769 λέγονται,

226 1799 331 1855 ἀμφί
369 1816 410 1842 τε
450 1797 520 1841 τὸν
562 1798 679 1851 μέγαν
721 1795 957 1851 θεράποντα
1001 1793 1198 1847 ΝΙωῦσὲα,
1242 1791 1308 1836 καὶ
1351 1792 1426 1845 πρό
1469 1811 1508 1848 γε
1555 1791 1681 1835 αὐτοῦ
1722 1795 1880 1847 πρῶτος

222 1873 427 1933 Ἀβρααμ,
462 1873 605 1918 τούτου
639 1892 680 1917 τε
716 1874 753 1916 οἱ
778 1878 914 1921 παῖδες
947 1869 1012 1915 καὶ
1048 1869 1134 1914 ὅσοι
1167 1871 1374 1925 μετέπειτα
1412 1869 1554 1913 δίκαιοι
1587 1868 1781 1925 πεφήνασι
1814 1867 1880 1912 καὶ

225 1957 441 2009 προφῆται,
476 1957 673 2005 καθαροῖς
708 1947 885 1998 διανοίας
919 1947 1067 2004 ὄμμασι
1102 1948 1399 2003 φαντασθὲντες
1429 1946 1599 2003 ἔγνωσαν
1637 1965 1678 1990 τε
1714 1945 1780 1991 καὶ
1815 1947 1881 1990 οἷα

186 2035 326 2076 ’7θεοῦ
358 2027 471 2074 παιδὶ
500 2026 546 2071 τὸ
580 2030 775 2082 προςῆκον
808 2027 1018 2081 ἀπένειμαν
1047 2027 1175 2082 σέβας.
1226 2023 1346 2075 αὐτὸς
1374 2024 1413 2068 δὲ
1434 2025 1616 2080 οὐδαμῶς
1638 2024 1880 2081 ἀπορῥαθυ-

226 2112 308 2164 μῶν
341 2111 409 2163 τῆς
433 2109 506 2150 τοῦ
523 2103 676 2160 πατρός
710 2104 909 2161 εὐσεβείας
940 2102 1178 2152 διδάσκαλος
1206 2111 1289 2152 τοῖς
1316 2106 1414 2146 πᾶσι
1443 2106 1511 2157 τῆς
1538 2105 1731 2157 πατρικῆς
1757 2102 1880 2145 καθί-

228 2203 351 2229 στατο
381 2183 568 2240 γνώσεως.
615 2180 754 2237 ῶφθαι
782 2185 878 2238 γοῦν
902 2180 1036 2236 κύριος
1067 2181 1087 2224 ὁ
1116 2178 1213 2230 θεὸς
1236 2179 1433 2235 ἀνείρηται
1463 2179 1529 2222 οἷά
1561 2197 1621 2228 τις
1648 2178 1778 2229 κοινὸς
1809 2177 1882 2222 ἅν-

229 2271 395 2319 θρωπος
429 2265 486 2315 τῷ
516 2258 700 2318 Ἀβραὰμ
725 2260 936 2315 καθημένῳ
966 2257 1076 2314 παρὰ
1104 2255 1176 2313 τῆν
1207 2262 1299 2313 δρῦν
1323 2256 1392 2313 τὴν
1421 2261 1608 2315 Μαμβρῆ.
1657 2255 1677 2299 ὁ
1711 2256 1750 2298 δ’
1780 2255 1881 2299 ὑπο-

325 2413 356 2444 1.
381 2403 559 2451 δεύτερον]
587 2417 652 2438 om.
670 2405 793 2448 aqu.
824 2404 829 2448 Ι
862 2410 892 2440 3.
918 2408 993 2447 post
1016 2400 1166 2448 βασιλέα
1184 2402 1260 2434 add.
1285 2400 1348 2434 τόν
1373 2401 1452 2442 ῘῘΗ,
1471 2378 1536 2434 ῦιῃ.
1561 2400 1722 2434 GSSaB.
1751 2399 1757 2446 Ι
1789 2405 1822 2438 6.
1846 2400 1882 2433 ἐν

230 2463 327 2513 α’ρχῇ
353 2485 395 2490 --
422 2466 503 2498 Joh.
531 2470 561 2504 1,
592 2470 622 2500 1.
654 2462 660 2509 Ι
689 2467 766 2507 post
791 2459 874 2496 θεὸς
901 2456 943 2505 ἦν
969 2459 987 2495 ὁ
1014 2459 1115 2505 λόγος
1134 2460 1211 2493 add.
1238 2455 1317 2494 ἔτος
1343 2455 1386 2504 ἦν
1412 2459 1448 2492 ἐν
1475 2457 1569 2504 α’ρχῇ
1593 2456 1680 2503 πρὸς
1704 2457 1769 2492 τόν
1794 2456 1882 2492 θεὸν

230 2524 357 2567 aeqS,
383 2535 448 2557 om.
475 2524 589 2557 ceteri.
625 2521 630 2567 Ι
672 2527 726 2559 10.
754 2518 830 2564 εἰδὲ]
859 2517 1056 2563 ἐδειιὶίτηυ
1083 2524 1115 2552 et
1140 2518 1205 2552 duo
1232 2520 1330 2553 codd.
1357 2519 1534 2562 Scaligeri.
1575 2517 1579 2560 Ι
1619 2523 1674 2554 12.
1700 2516 1777 2562 ἐπὶ]
1801 2521 1882 2561 περὶ

231 2583 321 2616 aeS.
352 2580 357 2626 1
390 2588 444 2619 13.
473 2581 547 2616 εἶπε
573 2578 640 2624 γάρ
667 2600 709 2605 -
730 2580 814 2612 Gen.
836 2584 867 2619 1,
885 2583 940 2616 26.
971 2578 974 2621 Ι
1009 2583 1063 2615 15-
1089 2574 1195 2612 αὐτὸς
1220 2578 1294 2612 εἶπε
1317 2598 1360 2604 -
1381 2578 1438 2610 Ps.
1459 2582 1501 2614 52
1520 2576 1608 2620 (35),
1625 2581 1658 2613 9.
1691 2573 1695 2618 Ι
1728 2581 1782 2613 16.
1804 2580 1884 2619 post

230 2643 365 2684 nat-‘¹912
380 2641 456 2674 add.
473 2637 546 2673 ταῖν
562 2637 654 2673 ὅλων
680 2638 723 2672 kz·
741 2637 776 2680 (a
797 2648 866 2670 sec.
887 2637 946 2680 m.)
965 2637 996 2669 Ῑι.
1019 2639 1024 2679 Ι
1061 2641 1115 2673 18.
1136 2637 1237 2670 θεῖον
1262 2636 1477 2680 abcdfykv
1499 2635 1624 2669 Zonar.
1642 2634 1752 2678 (eujus
1767 2635 1882 2668 locum

233 2701 389 2744 apposuit
401 2698 606 2732 Heinichen.
632 2697 769 2739 Proleg.
786 2696 883 2729 Tom.
900 2696 925 2728 1.
941 2707 974 2739 p.
987 2697 1045 2740 xo)
1070 2695 1153 2730 VSa
1164 2696 1250 2739 ΗΒ,
1273 2694 1342 2730 θεῖς’
1356 2695 1391 2737 S,
1408 2693 1495 2728 θεὸν
1519 2694 1625 2728 chio.
1647 2693 1651 2738 Ι
1681 2698 1735 2730 19.
1753 2689 1881 2726 ἐπιτά-

233 2759 336 2801 ξεσιν]
364 2755 575 2796 ὑποτάξεσιν
601 2756 634 2788 Ιι.
665 2754 672 2801 Ι
702 2759 779 2799 post
803 2759 861 2788 καὶ
886 2755 1021 2787 additur
1042 2755 1145 2799 volgo
1165 2753 1209 2793 οἶ,
1237 2767 1302 2788 om.
1322 2753 1458 2797 egyhik.
1488 2751 1495 2799 Ι
1525 2757 1601 2797 post
1622 2748 1692 2785 οἷπὸ
1719 2752 1796 2784 add.
1820 2749 1882 2795 τῆς

235 2817 296 2860 cfv
312 2816 489 2858 VSaHB‚
515 2827 580 2849 om.
607 2813 834 2858 aeyhiqu
853 2814 1018 2857 probante
1036 2814 1079 2846 B.
1111 2814 1161 2846 Cf.
1185 2814 1210 2855 1,
1229 2820 1262 2850 4.
1288 2825 1319 2857 p.
1340 2818 1484 2854 16,14.:
1512 2812 1548 2846 ἐκ
1572 2806 1713 2854 πρώτης
1738 2808 1882 2852 α’νθρω-

233 2876 396 2918 πογονιάς
425 2875 429 2919 Ι
467 2881 523 2912 20.
549 2869 753 2919 δικαιοσύνῃ
782 2872 1042 2916 ansam-VEB,
1069 2869 1288 2915 δικαιοσύνης
1313 2871 1491 2916 εῃήδδὸ.
1521 2870 1526 2915 Ι
1570 2876 1627 2907 23.
1653 2869 1882 2914 φαντασθέν-

234 2932 300 2976 ns]
319 2934 554 2975 φωτισθέντες
568 2933 598 2975 f
609 2933 657 2976 (in
673 2931 732 2975 m.)
744 2937 818 2974 ptv
841 2934 874 2963 et
891 2931 957 2964 duo
977 2931 1073 2964 codd.
1090 2930 1266 2973 Scaligeri,
1283 2931 1590 2975 φαντασιωθέντες
1614 2928 1648 2960 Ῐι.
1676 2926 1680 2971 Ι
1703 2931 1759 2963 25.
1772 2925 1882 2960 καθί-

235 3003 340 3023 στατο
365 2990 554 3024 bcleaSa
567 2991 605 3032 Z,
628 2992 845 3025 καθίσταται
870 2988 1200 3031 aeqz‘kosVHB,
1226 2992 1343 3035 γέγονε
1369 2987 1453 3031 dfv.
1483 2986 1487 3032 Ι
1524 2991 1580 3023 26.
1606 2980 1749 3030 ὦφθαι]
1773 2983 1882 3029 ὤφθη

237 3048 388 3092 aequ.
418 3048 422 3095 Ι
454 3046 634 3094 ἁνείρηται
660 3069 702 3074 ·—
726 3050 812 3083 Gen.
839 3052 896 3090 18,
921 3053 952 3085 1.

1898 947 1942 979 10

1901 1341 1942 1373 15

1903 1724 1948 1756 20

1906 2110 1948 2141 25
