2052 3422
881 159 1186 201 PRAEFATIO.
1807 170 1859 198 vu

336 284 531 331 Brevem
566 281 893 329 adnotationem
935 280 1129 326 criticam
1177 279 1318 339 adJeci
1358 280 1401 325 in
1430 278 1659 338 margine,
1704 283 1774 335 ut,
1818 284 1862 322 et

205 372 361 436 quibus
395 373 507 420 locis
547 379 592 418 et
627 385 711 433 qua
748 370 1008 416 auctoritate
1049 370 1216 415 innisus
1254 384 1276 413 a
1315 375 1439 415 textu
1480 367 1666 427 vulgato
1697 380 1861 413 reces-

204 464 389 521 sissem,
433 461 589 508 lectori
625 465 747 507 esset
778 457 1070 505 manifestum.
1139 472 1196 503 ne
1235 459 1452 517 integrum
1487 456 1671 502 Burtoni
1717 470 1862 517 appa-

204 557 344 598 ratum
380 564 669 613 apponerem,
705 548 851 595 causis
888 562 984 594 sum
1010 545 1253 609 prohibitus
1278 545 1471 593 duabus:
1508 547 1709 608 primum,
1746 542 1861 605 quod

204 639 248 686 id
284 639 338 687 ab
366 640 548 687 instituti
575 638 662 684 mei
688 634 931 684 rationibus
958 634 1164 682 videbam
1192 650 1296 682 esse
1324 636 1529 694 alienum,
1551 634 1711 680 deinde
1746 632 1863 694 quod

205 744 368 790 magna
401 728 530 789 hujus
567 733 803 789 apparatus
843 732 970 788 parte
1013 724 1145 771 facile
1191 726 1334 771 careri
1370 739 1507 787 posse
1550 721 1863 784 intelligebam.

206 817 337 864 facile
366 818 481 864 enim
509 830 666 863 careas
690 813 955 862 lectionibus
984 814 1150 861 codicis
1171 832 1221 874 g,
1259 815 1330 875 qui
1359 813 1535 874 quidem
1564 812 1676 859 liber
1705 827 1864 873 quam-

205 920 334 967 quam
368 920 394 951 e
429 904 547 951 bono
583 903 707 950 fonte
750 902 965 951 deductus
1011 910 1097 949 tam
1132 901 1376 949 incredibili
1424 909 1469 948 et
1509 902 1786 962 negligentia
1823 906 1868 946 et

204 994 381 1042 licentia
415 995 607 1056 scriptus
633 999 717 1050 est,
753 999 798 1039 ut
835 994 932 1052 ejus
961 991 1256 1055 discrepantia
1288 992 1448 1038 bonam
1472 998 1663 1054 occupet
1697 997 1866 1052 partem

205 1083 499 1130 adnotatIOuis
523 1082 838 1128 Burtonianae.
905 1084 949 1128 in
986 1081 1243 1128 adornanda
1275 1089 1421 1128 autem
1453 1080 1736 1127 adnotatione
1772 1081 1866 1125 cri-

203 1174 288 1220 tica
316 1178 497 1221 secutus
527 1186 622 1219 sum
651 1172 868 1217 rationem
898 1170 1028 1229 hanc„
1063 1173 1265 1234 primum7
1300 1177 1346 1217 ut
1368 1169 1572 1217 editionis
1596 1169 1867 1217 Valesianae

205 1269 250 1309 et
269 1260 666 1319 Heinichenianae,
699 1258 876 1317 deinde5
903 1267 949 1306 ut
975 1259 1187 1306 librorum
1215 1277 1242 1305 c
1266 1267 1310 1306 et
1340 1258 1372 1305 Ιι
1400 1259 1660 1306 adnotarem
1689 1258 1866 1306 discre-

203 1352 395 1414 pantiam
428 1351 674 1410 integram:
723 1363 777 1394 ea
813 1349 1112 1396 tantummodo
1150 1349 1303 1396 borum
1352 1348 1563 1396 librorum
1609 1348 1867 1395 diversitate

204 1441 387 1498 omissa,
424 1453 554 1500 quam
581 1453 608 1483 e
642 1435 921 1484 librariorum
945 1439 1021 1484 vel
1049 1437 1428 1500 typographorum
1456 1437 1629 1484 mendis
1664 1437 1867 1485 obortam

205 1542 311 1576 esse
355 1526 489 1575 facile
536 1525 791 1590 apparebat.
869 1534 1103 1589 praeterea
1154 1527 1372 1574 lectiones
1428 1526 1638 1574 adnotavi
1692 1527 1867 1585 multas2

206 1631 317 1678 quas
362 1617 460 1678 ipse
504 1615 680 1678 quidem
725 1615 1054 1678 improbarem‚
1110 1616 1190 1663 sed
1236 1617 1381 1678 aliqua
1427 1615 1482 1662 de
1527 1631 1664 1663 causa
1717 1623 1867 1663 notatu

206 1703 365 1766 dignas
401 1719 506 1753 esse
542 1706 871 1752 existumarem.
940 1706 1184 1768 praecipue
1219 1705 1262 1751 id
1296 1705 1458 1752 factum
1496 1713 1567 1753 est
1600 1706 1712 1753 locis
1750 1705 1867 1752 diffi-

205 1792 430 1841 cilioribus
476 1793 553 1840 vel
595 1795 842 1856 corruptis⁷
898 1793 970 1840 ubi
1017 1796 1236 1855 integram
1278 1794 1481 1842 lectionis
1529 1794 1868 1857 discrepantiam

205 1881 500 1930 adnotandam
528 1899 633 1932 esse
669 1885 837 1931 censui.
904 1882 978 1929 ubi
1012 1883 1116 1930 nihil
1152 1883 1404 1930 adnotatum
1441 1891 1525 1943 est,
1562 1885 1756 1931 lectores
1792 1886 1867 1933 ita.

203 1971 369 2032 velim,
405 1974 700 2034 existument,
745 1973 948 2020 lectIOnis
985 1972 1326 2035 discrepantiam
1366 1980 1437 2019 aut
1471 1980 1654 2021 exstare
1690 1973 1866 2033 nullam.)

204 2068 306 2121 aut,
351 2062 388 2109 si
422 2076 507 2124 qua
543 2069 722 2123 exstet⁷
766 2076 867 2108 meo
904 2061 1080 2124 quidem
1112 2061 1279 2122 Judicio
1315 2063 1479 2110 nullam
1519 2065 1615 2123 ejus
1651 2064 1866 2110 rationem

205 2163 311 2198 esse
349 2149 609 2199 habendam.

336 2237 482 2286 Unum
526 2239 642 2287 addo
687 2239 744 2286 de
776 2238 899 2287 libris
946 2239 972 2284 b
1008 2247 1052 2287 et
1087 2241 1132 2286 cl.
1200 2240 1355 2287 horum
1398 2239 1608 2288 librorum
1645 2242 1865 2288 Burtonus

204 2340 294 2374 non
330 2326 497 2387 habuit,
533 2336 577 2375 ut
612 2329 709 2390 plus
744 2329 883 2376 semel
917 2330 1015 2392 ipse
1046 2328 1208 2376 fatetur
1225 2329 1295 2388 Ἴ
1328 2330 1610 2377 collationem
1647 2332 1865 2391 integram

206 2423 338 2478 atque
384 2431 533 2465 suam:
594 2433 681 2463 non
724 2416 872 2465 habuit
925 2420 1009 2465 nisi
1052 2418 1350 2465 Valesianam.
1429 2434 1484 2466 eo
1531 2422 1673 2480 magis
1719 2422 1866 2466 mirari

204 2502 344 2566 subit,
390 2506 509 2569 quod
539 2506 654 2552 idem
688 2506 762 2553 ille
801 2508 998 2570 plurimis
1037 2508 1179 2566 locis.)
1226 2507 1299 2554 ubi
1334 2507 1438 2555 nihil
1478 2516 1701 2556 enotatum
1737 2516 1803 2556 est
1841 2525 1865 2555 a

203 2592 404 2655 valesio,
437 2595 610 2642 illorum
641 2593 853 2642 librorum
881 2597 1098 2643 lectiones
1135 2598 1351 2660 apposuit.
1408 2598 1579 2645 scilicet
1607 2601 1864 2658 conjectura

205 2697 285 2731 eas
320 2691 552 2732 assecutus
584 2691 678 2733 est:
725 2684 985 2747 plerumque
1022 2687 1161 2744 enim,
1197 2685 1270 2732 ubi
1307 2704 1333 2730 ‹-
1371 2694 1414 2733 et
1437 2688 1483 2749 f
1512 2689 1624 2733 inter
1659 2702 1710 2733 se
1746 2703 1862 2734 con-

204 2773 414 2833 sentiunt,
450 2780 700 2835 congruunt
736 2788 834 2820 cum
870 2775 921 2821 iis
957 2776 1086 2821 etiam
1114 2774 1140 2820 b
1165 2782 1209 2822 et
1237 2776 1282 2831 d,
1319 2775 1359 2821 id
1397 2775 1514 2837 quod
1550 2776 1681 2822 facile
1717 2784 1863 2838 potest

205 2860 511 2910 animadverti.
580 2869 624 2909 at
651 2862 726 2909 ille
755 2877 844 2910 non
875 2862 1081 2925 debebat,
1108 2878 1223 2926 quae
1246 2866 1505 2924 conjectura
1529 2871 1693 2912 tantum
1725 2881 1861 2915 asse-

298 3061 334 3104 *)
359 3059 412 3094 Cf.
437 3060 590 3104 eJusdem
616 3068 686 3095 not.
711 3073 728 3094 z
753 3061 850 3095 Tom.
878 3062 902 3096 1.
928 3073 961 3106 p.
990 3067 1087 3102 119.;
1119 3069 1188 3096 not.
1215 3074 1238 3095 a:
1263 3062 1360 3096 Tum.
1385 3062 1411 3096 Ι.
1437 3073 1470 3106 p.
1488 3052 1578 3100 ¹202.
