2068 3342
212 136 250 163 v1
477 123 483 129 ’
883 122 1183 165 PRAEFATIO.

211 257 237 288 e
271 238 562 304 Septuaginta
591 242 918 306 interpretibus,
954 259 1013 290 ex
1044 244 1140 291 aliis
1176 243 1368 307 denique
1397 242 1701 307 scriptoribus,
1737 260 1855 307 quo-

211 345 305 376 rum
338 330 462 377 locos
499 331 711 391 quosdam
741 330 964 378 Eusebius
1000 335 1124 396 operi
1159 348 1240 380 suo
1275 333 1463 380 intexuit
1497 339 1541 379 et
1569 331 1776 393 liberius,
1811 340 1857 380 ut

211 419 350 477 solet7
382 418 570 465 reddidit
588 419 654 478 ³4).
724 419 884 466 deinde
919 423 1178 484 computatis
1212 422 1323 469 locis
1358 423 1437 480 iis,
1472 422 1516 467 in
1547 420 1702 483 quibus
1735 423 1856 470 scri-

208 514 364 569 pturae
400 506 693 569 discrepantia
728 523 787 554 ex
817 510 999 556 internis
1033 509 1273 557 rationibus
1310 509 1536 569 dijudicari
1570 516 1733 572 potest,
1766 510 1856 557 ali-

211 602 371 656 quanto
407 597 584 658 saepius
616 598 658 642 in
696 597 854 644 codice
889 615 935 655 c,
973 613 1100 659 quam
1134 600 1178 645 in
1214 598 1368 645 codice
1395 597 1428 644 Ιι
1464 599 1702 659 genuinam
1736 600 1855 645 scri-

208 691 376 746 pturam
414 691 637 731 servatam
673 700 777 732 esse
810 686 1112 733 animadverti.
1180 694 1419 749 propterea
1453 693 1602 733 textus
1629 685 1857 734 eusebiani

208 773 515 819 recensionem
545 788 657 833 eam.
696 789 809 835 quae
843 782 1206 838 repraesentatur
1227 774 1340 822 libro
1368 792 1408 833 c,
1443 774 1784 838 praeferendam
1813 781 1858 821 et

208 860 476 908 fundamenti
511 862 611 908 loco
646 863 895 924 ponendam
931 879 1035 911 esse
1072 865 1248 923 censui,
1284 879 1430 926 neque
1463 878 1648 926 usquam
1682 863 1737 910 ab
1770 864 1856 910 isto

208 947 336 1008 libro,
372 965 501 1011 quem
537 952 579 996 in
615 953 891 1011 gravissimis
925 953 1142 1015 exemplis
1178 954 1329 999 inveni
1366 952 1522 998 ducem
1556 951 1713 1012 fidum,
1749 953 1857 998 exi-

208 1040 395 1084 stumavi
432 1053 535 1086 esse
569 1039 893 1099 recedendum7
938 1043 1021 1087 nisi
1057 1048 1208 1087 certae
1245 1040 1460 1102 quaedam
1498 1055 1690 1100 causae,
1731 1040 1777 1086 id
1810 1046 1858 1087 ut

208 1125 418 1184 facerem.
441 1135 483 1174 et
506 1127 714 1175 librorum
737 1128 765 1174 le
782 1129 838 1174 ik
865 1131 1125 1191 scripturam
1148 1130 1455 1193 amplecterer7
1477 1144 1547 1175 me
1565 1129 1857 1191 impellerent.

207 1230 315 1260 sane
344 1215 517 1276 quidem
549 1217 590 1262 id
616 1218 710 1263 fieri
737 1217 884 1264 debuit
911 1218 1026 1264 haud
1058 1218 1290 1264 admodum
1319 1233 1439 1277 raro,
1472 1219 1514 1264 in
1536 1216 1857 1280 posterioribus

207 1305 466 1364 praesertim
498 1304 643 1351 libris:
688 1312 733 1351 ut
767 1307 810 1351 in
839 1308 1097 1352 universum
1143 1306 1198 1352 de
1234 1306 1389 1353 codice
1426 1324 1452 1352 c
1495 1308 1553 1353 ita
1588 1307 1644 1354 sit
1678 1307 1857 1353 existu-

206 1391 425 1450 mandum,
455 1408 558 1438 esse
585 1394 703 1440 illum
740 1393 914 1454 quidem
941 1396 1174 1454 egregium
1201 1401 1243 1441 et
1279 1396 1441 1441 ceteris
1472 1396 1707 1456 potiorem,
1741 1393 1857 1440 haud

209 1487 351 1526 tamen
401 1482 573 1527 unicum
629 1485 851 1542 genuinae
907 1486 1153 1546 sci·Ipturae
1206 1483 1384 1529 sontem.
1471 1483 1614 1543 magis
1664 1481 1859 1530 fortasse

207 1568 406 1615 eluceret
438 1569 602 1616 codicis
629 1570 661 1615 le·
696 1574 981 1633 praestantia,
1019 1573 1055 1618 si
1080 1571 1206 1617 nobis
1242 1578 1423 1633 praesto
1453 1577 1576 1617 esset
1605 1569 1859 1631 diligentior

207 1656 334 1716 hujus
369 1656 465 1703 libri
501 1658 690 1704 collatio.
760 1666 803 1705 at
833 1661 948 1705 enim
991 1674 1104 1706 vero
1147 1660 1269 1705 istius
1315 1658 1539 1705 collatoris
1581 1658 1858 1719 negligentia

209 1751 253 1790 et
284 1745 490 1792 socordia
520 1746 633 1793 adeo
661 1747 805 1793 multis
831 1747 1028 1809 proditur
1058 1747 1244 1805 indiciis7
1273 1754 1319 1792 ut
1341 1747 1563 1793 Burtonus
1588 1748 1685 1810 ipse
1711 1747 1857 1793 inter-

209 1832 308 1878 dum
340 1832 395 1878 de
432 1836 527 1893 ejus
563 1834 648 1880 fide
685 1834 851 1882 dubitet
871 1836 966 1894 Ψ)
1047 1851 1160 1897 quae
1195 1850 1325 1896 quum
1361 1836 1420 1881 ita
1455 1842 1633 1895 essent„
1677 1850 1704 1881 a
1737 1849 1858 1882 nova

207 1920 388 1968 Eusebii
423 1925 690 1970 recensione
719 1922 1023 1971 abstinendum
1055 1924 1151 1983 fuit„
1187 1931 1230 1971 et
1263 1925 1367 1970 licet
1393 1923 1725 1985 quadringentis
1759 1922 1858 1970 fere

208 2010 316 2056 locis
360 2017 527 2057 textum
583 2012 809 2073 vulgatum
854 2014 1175 2059 immutaverim
1229 2019 1384 2074 atque,
1440 2019 1487 2059 ut
1531 2012 1631 2059 mihi
1682 2010 1858 2074 quidem

208 2097 398 2157 videtur7
434 2101 598 2147 rectius
623 2102 939 2157 constituerim.
966 2108 1110 2148 tamen
1133 2103 1331 2149 non.nisi
1358 2101 1679 2163 recognitionis
1708 2114 1858 2147 novae

207 2188 558 2249 praescriptione
593 2188 830 2236 editionem
862 2205 1002 2236 meam
1038 2191 1261 2251 insignivi.

209 2353 332 2401 χρόνες
358 2358 455 2390 fluxit
482 2369 498 2390 e
526 2359 735 2402 Nicephoro:
771 2362 813 2393 cf.
841 2361 981 2393 Burtoni
1016 2365 1085 2392 not.
1111 2372 1133 2391 ,13
1159 2361 1255 2393 Tom.
1282 2362 1307 2393 1.
1334 2373 1364 2405 p.
1395 2367 1472 2398 125.
1501 2381 1543 2385 —
1569 2372 1602 2404 p.
1627 2364 1683 2400 81,
1711 2364 1742 2394 2.
1775 2362 1856 2400 noh,

209 2422 252 2454 ef.
281 2422 373 2454 Buri.
399 2425 468 2454 not.
496 2422 515 2454 l.-
541 2423 635 2455 Tom.
663 2424 687 2455 1.
713 2436 745 2467 p.
774 2430 852 2461 157.
881 2445 922 2449 —
957 2437 990 2468 p.
1018 2429 1074 2465 88,
1102 2430 1155 2460 10.
1194 2426 1251 2457 ubi
1278 2427 1312 2457 in
1338 2426 1428 2458 iIcN
1447 2423 1570 2468 βιβλία
1595 2421 1666 2461 οἷς,
1692 2424 1736 2456 cf.
1761 2424 1855 2456 Burt.

209 2491 278 2518 not.
303 2497 324 2529 q
349 2486 446 2518 Tom.
470 2486 496 2518 I.
522 2498 554 2530 p.
582 2493 661 2525 172.
690 2507 731 2512 -—
759 2500 790 2532 p.
810 2493 959 2528 102,14.
987 2489 1045 2521 ubi
1072 2488 1083 2521 ι’
1108 2489 1143 2530 (a
1168 2500 1235 2522 sec.
1264 2492 1369 2533 man.)
1397 2490 1432 2521 N
1455 2485 1523 2523 θεὲ
1547 2483 1663 2531 λόγον,
1689 2489 1732 2521 cf.
1759 2488 1855 2521 Burt.

210 2555 277 2583 not.
307 2563 325 2584 o
355 2551 452 2583 Tom.
479 2551 504 2583 Ι.
531 2563 562 2593 p.
591 2557 669 2587 200.

303 2616 336 2657 ³²)
363 2614 413 2646 Cf.
438 2627 471 2658 p.
487 2621 540 2657 27,
557 2621 610 2652 10.
635 2622 704 2649 not.
731 2617 777 2659 (z
790 2618 883 2649 Bur-t.
910 2617 1004 2649 Tom.
1019 2617 1044 2650 1.
1071 2628 1102 2660 p.
1123 2622 1178 2654 53.
1204 2624 1272 2650 not.
1291 2619 1321 2661 e)
1339 2638 1381 2643 —
1407 2629 1440 2660 p.
1458 2621 1513 2658 60,
1533 2622 1564 2653 5.
1591 2621 1662 2652 not.
1689 2618 1735 2661 (=
1761 2617 1855 2650 Burt.

211 2679 305 2711 Tom.
331 2680 360 2711 I.
391 2691 420 2722 p.
450 2684 528 2716 118.
556 2685 625 2712 not.
651 2680 699 2724 li).
730 2700 772 2705 —
799 2693 830 2724 p.
859 2686 913 2721 61,
939 2685 972 2717 8.
999 2686 1067 2713 not.
1103 2682 1150 2724 (z
1176 2682 1267 2714 Buri.
1294 2683 1391 2715 Tom.
1420 2682 1444 2713 I.
1478 2692 1510 2724 p.
1537 2686 1617 2718 120.
1643 2684 1713 2714 not.
1739 2681 1783 2724 v).
1810 2699 1853 2705 —-

211 2754 242 2786 p.
269 2747 324 2783 81,
352 2749 382 2779 2.
409 2749 478 2776 not.
505 2745 551 2787 (z
576 2745 669 2776 Burt.
696 2745 792 2777 Tom.
818 2746 844 2777 I.
869 2757 902 2788 p.
932 2750 1010 2782 157.
1035 2750 1105 2778 not.
1130 2746 1175 2788 k).
1202 2767 1242 2772 —
1270 2759 1302 2790 p.
1329 2751 1384 2787 86,
1407 2751 1439 2782 5.
1464 2745 1524 2778 ubi
1547 2749 1624 2788 post
1648 2740 1855 2788 βαθυτάτεσ

211 2807 258 2839 ilc
283 2818 325 2840 ex
343 2808 495 2851 Josepho
518 2809 646 2841 addunt
661 2805 708 2842 εἰς
730 2806 792 2842 τὸν
814 2806 899 2842 ε’ὃόν
920 2807 1005 2842 ὅντα
1030 2806 1188 2852 διηνεκὲς
1208 2808 1289 2844 λίθεε
1314 2811 1526 2852 καθιεμένδς
1546 2810 1593 2853 (:
1605 2809 1699 2842 Burt.
1716 2809 1814 2842 Tom.
1827 2809 1855 2841 Ι.

213 2883 244 2914 p.
272 2876 351 2909 167.
384 2877 452 2904 not.
478 2872 520 2915 c).

306 2936 360 2978 ἃᾶ)
387 2937 431 2968 cs.
446 2937 586 2969 Burtoni
611 2942 680 2970 not.
698 2948 717 2969 r
742 2937 838 2970 Tem.
855 2937 897 2970 ΙΙ.
923 2949 955 2980 p.
974 2942 1070 2975 4123
1095 2942 1163 2970 not.
1182 2938 1195 2970 l
1214 2939 1309 2970 Tom.
1330 2938 1372 2969 Π.
1399 2949 1431 2981 p.
1450 2942 1549 2978 428.;
1573 2941 1642 2970 not.
1657 2948 1681 2980 9
1699 2937 1796 2970 Tom.
1811 2936 1854 2969 11.

213 3010 246 3043 p.
270 3004 369 3039 466.;
395 3004 463 3033 not.
490 3014 507 3034 c
531 3001 628 3034 Tom.
655 3002 697 3034 ΙΙ.
723 3013 756 3044 p.
781 3006 877 3041 555.;
903 2998 1016 3044 {lons
1042 3002 1138 3034 Tom.
1166 3002 1206 3033 ΙΙ.
1232 3013 1265 3045 p.
1293 3007 1372 3039 565.
