2068 3422
631 171 805 214 EusEss.
837 171 961 213 HIST.
992 171 1139 214 Eccn.
1191 174 1281 215 Lm.
1315 175 1361 227 v,
1392 175 1433 216 2.
1779 177 1863 218 167
1894 161 1901 170 ’

205 326 232 350 ,,
246 294 422 352 γορεύειν
457 296 600 351 αὐτὲς,
637 296 719 339 ἀλλ’
755 295 890 340 εἴποτέ
920 313 980 344 τις
1015 294 1123 350 ἡμῶν
1153 296 1198 339 δι’
1235 299 1444 352 ἐπιστολῆς
1476 295 1499 352 ἢ
1537 297 1603 341 διὰ
1632 297 1722 354 λόγε
1756 299 1864 355 μάρ-

204 391 368 429 ,,τυρας
393 371 515 422 αὐτὸς
538 382 762 429 προσεῖπεν,
793 374 1038 428 ἐπέπλησσον
1066 377 1227 427 πικρῶς.
1282 374 1403 429 ἡδέως
1435 374 1509 431 γὰρ
1535 375 1768 431 παρεχώρεν
1795 375 1865 431 τὴν

203 484 231 505 ,,
244 455 315 507 τῆς
343 452 566 506 μαρτυρίας
597 451 866 507 προσηγορίαν
900 453 956 503 τῷ
987 454 1173 505 Χριστῷ,
1210 455 1264 503 τῷ
1292 455 1422 505 πιστῷ
1451 451 1517 495 καὶ
1545 452 1726 508 ἀληθινῷ
1757 453 1865 508 μάρ-

203 547 331 584 ,,τυρι
365 527 433 572 καὶ
466 527 711 583 πρωτοτόκῳ
750 532 828 571 τῶν
861 530 1009 582 νεκρῶν
1042 525 1109 570 καὶ
1149 527 1301 583 ἀρχηγῷ
1334 532 1403 583 τῆς
1444 531 1545 584 ζωῆς
1578 533 1621 572 τῖι
1655 535 1754 586 θεέ,
1798 530 1864 574 καὶ

158 617 178 650 5
204 604 577 661 ,,ε’πεμιμνήσκοντο
617 608 695 648 τῶν
730 603 1029 661 ἐξεληλυθότων
1070 601 1141 659 ἤδη
1175 603 1390 660 μαρτύρων
1425 604 1491 649 καὶ
1526 607 1679 661 ἔλεγον·
1726 609 1866 651 ἐκεῖνοι

203 682 316 739 ,,ῆδη
349 682 561 739 μάρτυρες,
596 679 640 730 ἒς
674 683 713 725 ἐν
747 686 796 737 τῇ
830 681 1022 738 ὁμολογίᾳ
1042 682 1222 737 Χριστὸς
1250 681 1416 737 ἠξίωσεν
1449 683 1746 740 ἀναληφθῆναι,
1779 687 1866 729 ε’πι-

204 793 231 813 ,,
244 760 563 816 σφραγισάμενος
595 759 730 803 αὐτῶν
764 756 831 802 διὰ
866 762 936 813 τῆς
971 758 1084 809 ἐξόδε
1115 759 1186 814 τῆν
1203 761 1440 815 μαρτυρίαν,
1475 761 1583 816 ἡμεῖς
1609 761 1650 804 δὲ
1681 760 1866 817 ὁμόλογοι

202 869 230 890 ,,
242 839 396 893 μέτριοι
425 835 492 881 καὶ
522 837 710 880 ταπεινοί.
761 835 828 879 καὶ
854 836 957 891 μετὰ
983 836 1167 891 δακρύων
1195 837 1422 893 παρεκάλεν
1455 836 1521 888 τὲς
1558 838 1742 894 ἀδελφὲς,
1778 838 1866 882 δεό-

203 947 231 968 ,,
242 933 351 971 μενοι
382 914 445 958 ἵνα
478 916 643 963 ἐκτενεῖς
675 913 784 969 εὐχαὶ
818 915 1001 969 γίνωνται
1024 912 1126 968 πρὸς
1153 915 1198 958 τὸ
1233 918 1492 970 τελειωθῆναι
1519 914 1650 964 αὐτές.
1698 914 1764 959 καὶ
1798 914 1868 971 τῆν

134 1005 180 1037 10
206 992 316 1048 „pir
340 991 504 1047 δύναμιν
521 995 592 1046 τῆς
609 992 830 1047 μαρτυρίας
854 993 951 1047 ἔργῳ
974 992 1259 1046 ἐπεδείκνυντο,
1281 990 1430 1048 πολλὴν
1457 993 1682 1049 παῤῥησίαν
1708 992 1869 1049 ἄγοντες

204 1068 345 1125 ,,προ“ς
378 1069 512 1114 πάντα
545 1068 598 1112 τοὶ
633 1070 742 1124 ἔθνη,
778 1068 844 1112 καὶ
874 1068 944 1125 τῆν
972 1069 1165 1124 εὐγένειαν
1191 1070 1257 1113 διὰ
1286 1073 1357 1125 τῆς
1382 1069 1583 1126 ὑπομονῆς
1605 1069 1672 1113 καὶ
1695 1070 1869 1128 ἀφοβίας

203 1180 232 1200 ,,
243 1146 310 1191 καὶ
342 1147 538 1203 ἀτρομίας
564 1147 743 1202 φανερὰν
777 1145 923 1201 ε’ποῖεν,
954 1145 1024 1202 τῆν
1055 1147 1095 1190 δὲ
1120 1145 1221 1201 πρός
1247 1145 1316 1196 τὲς
1347 1147 1520 1202 ἀδελφὲς
1546 1150 1627 1191 τῶν
1653 1147 1869 1205 μαρτύρων

204 1223 513 1281 ,,προσηγοριάν
545 1228 794 1279 παρῃτῦντο,
839 1226 1150 1280 ἐμπεπλησμένοι
1193 1224 1296 1281 φόβε
1329 1222 1444 1268 θεέ.“
1506 1223 1572 1268 καὶ
1610 1223 1734 1275 αὖθις
1767 1223 1869 1281 μετιὶ

204 1304 352 1360 βραχέα
380 1301 524 1357 φασίν·
555 1302 786 1356 ,,ἐταπείνεν
815 1302 954 1350 ἑαυτὲς
984 1300 1060 1345 ὑπὸ
1092 1299 1166 1356 τήν
1191 1299 1388 1357 κραταιὰν
1411 1309 1536 1357 χεῖρα,
1573 1301 1635 1357 ὑφ’
1660 1299 1706 1357 ἧς
1726 1304 1872 1353 ἱκανῶς

136 1392 180 1424 15
206 1383 316 1432 ,,νῦν
341 1378 438 1423 εἰσὶν
471 1378 684 1433 ὑψωμένοι.
732 1377 823 1421 τότε
853 1378 894 1421 δὲ
927 1382 1027 1422 πιὶσι
1060 1378 1130 1433 μὲν
1165 1379 1420 1435 ἀπελογξντο,
1455 1378 1676 1434 κατηγόρεν
1710 1380 1750 1423 δὲ
1780 1380 1871 1423 ἐδε-

207 1454 335 1510 ,,νὸς,
370 1457 486 1499 ἔλυον
514 1455 584 1510 μὲν
618 1454 814 1509 ἅπαντας,
849 1456 1054 1510 ἐδέσμευον
1086 1455 1126 1499 δὲ
1163 1456 1298 1510 ἐδένα,
1335 1454 1401 1499 καὶ
1428 1455 1524 1509 ὑπὲρ
1560 1460 1640 1499 τῶν
1675 1457 1726 1499 τά
1764 1455 1871 1500 δεινοὶ

205 1535 503 1586 ,,διατιθέντων
531 1531 709 1588 ηὔχοντο,
746 1532 933 1587 καθάπερ
970 1535 1180 1588 Στέφανος
1216 1533 1235 1576 ὁ
1265 1535 1413 1582 τέλειος
1446 1532 1621 1589 μάρτυς·
1658 1533 1779 1589 κύριε,
1815 1534 1867 1590 μή

205 1644 232 1665 ,,
244 1609 390 1666 στήσῃς
419 1610 556 1658 αὐτοῖς
577 1608 647 1665 τὴν
671 1609 871 1666 ἁμαρτίαν
898 1610 1058 1666 ταύτην.
1098 1611 1134 1653 εἰ
1158 1611 1192 1653 δ’
1226 1610 1322 1666 ὑπὲρ
1351 1615 1430 1654 τῶν
1456 1610 1703 1661 λιθαζόντων
1727 1613 1869 1666 ἐδέετο,

205 1687 357 1742 ,,πόσῳ
387 1691 542 1742 μᾶλλον
574 1686 672 1743 ὑπὲρ
708 1691 788 1731 τῶν
817 1686 1049 1743 ἀδελφῶν,·“
1084 1686 1151 1731 καὶ
1180 1686 1303 1738 αὖθίς
1333 1706 1432 1744 φασι
1461 1689 1549 1743 μεθ’
1580 1690 1715 1743 ἕτερα·
1751 1685 1871 1743 ,ὦτος

135 1779 180 1811 20
206 1763 320 1822 ,,γάρ
355 1763 421 1808 καὶ
453 1766 635 1820 μέγιστος
671 1765 808 1814 αὐτοῖς
841 1763 941 1818 πρὸς
976 1763 1098 1808 αὐτὸν
1129 1765 1148 1808 ὁ
1183 1766 1358 1821 πόλεμος
1388 1768 1562 1822 ἐγένετο,
1599 1765 1666 1808 διὰ
1701 1763 1746 1808 τὸ
1781 1765 1872 1822 γνή-

205 1861 332 1896 „mov
359 1846 429 1898 τῆς
463 1841 630 1898 ἀγάπης,
667 1841 728 1885 ἴνα
761 1842 1021 1898 ἀποπνιχθεὶς
1059 1842 1078 1885 ὁ
1109 1841 1213 1899 θὴρ,
1249 1842 1292 1892 ἒς
1326 1842 1522 1899 πρότερον
1557 1842 1656 1897 ᾤετο
1692 1862 1873 1888 καταπε-

205 1921 429 1975 ,,πωκε’ναι,
464 1922 614 1971 ζῶντας
648 1920 818 1974 ἐξεμέσῃ.
873 1920 919 1962 οὐ
954 1918 1030 1976 γάρ
1066 1921 1211 1976 ἔλαβον
1243 1920 1426 1977 καύχημα
1460 1919 1564 1964 κατὰ
1598 1925 1678 1964 τῶν
1711 1940 1872 1965 πεπτω-

205 1997 386 2052 ,,κότων,
422 1997 506 2040 ἀλλ’
544 1998 585 2040 ἐν
619 1997 677 2046 οἷς
710 1995 944 2047 ἐπλεόναζον
979 1996 1116 2052 αὐτοὶ,
1149 2002 1242 2042 τὲτο
1274 2006 1359 2046 τοῖς
1394 2000 1658 2054 ἐνδεεστέρως
1690 1998 1872 2054 ἐπῆρκεν,

206 2074 418 2131 ,,μητρικά
448 2073 651 2131 σπλάγχνα
677 2076 843 2130 ἔχοντες,
863 2073 929 2118 καὶ
949 2075 1079 2118 πολλά
1108 2074 1198 2130 περὶ
1219 2076 1353 2118 αὐτῶν
1377 2077 1574 2132 ἐκχέοντες
1599 2075 1752 2132 δάκρυα
1773 2075 1874 2132 πρὸς

138 2166 181 2198 25
210 2151 316 2205 ,,τὸν
349 2153 519 2205 πατέρα.
572 2151 673 2206 ζωῆν
697 2150 909 2206 ᾐτήσαντο,
945 2151 1010 2195 καὶ
1037 2153 1179 2195 ἔδωκεν
1206 2152 1355 2207 αὐτοῖς,
1390 2151 1438 2209 ἢν
1470 2153 1536 2197 καὶ
1565 2156 1871 2210 συνεμερίσαντο

210 2236 334 2282 ,,τοῖς
367 2229 546 2284 πλησίον.
600 2229 704 2272 κατὰ
732 2228 892 2272 πάντων
925 2228 1130 2284 νικηφόροι
1163 2229 1265 2283 πρὸς
1293 2229 1393 2272 θεὸν
1425 2230 1685 2285 ἀπελθόντες,
1723 2232 1874 2287 εἰρήνην

210 2341 236 2361 ‚‚
251 2305 527 2362 ἀγαπήσαντες
562 2304 636 2360 ἀεὶ,
672 2304 737 2349 καὶ
770 2305 922 2361 εἰρήνην
955 2304 1014 2348 ἀεὶ
1038 2306 1399 2362 παρεγγυήσαντες,
1433 2308 1512 2362 μετ’
1546 2308 1700 2363 εἰρήνης
1727 2308 1874 2364 ἐχώρη-

210 2419 236 2439 ,,
251 2401 324 2428 σαν
358 2382 461 2439 πρὸς
494 2380 612 2436 θεὸν,
655 2380 707 2437 μῆ
749 2382 1037 2432 καταλιπόντες
1079 2382 1202 2427 πόνον
1236 2387 1283 2437 τῇ
1315 2382 1454 2439 μητρὶ,
1498 2385 1594 2440 μηδὲ
1637 2385 1777 2428 στάσιν
1808 2384 1873 2428 καὶ

210 2460 423 2516 ,,πόλεμον
453 2467 537 2509 τοῖς
573 2460 773 2514 ἀδελφοῖς,
801 2458 905 2502 ἀλλά
931 2458 1060 2515 χαρὰν
1090 2460 1155 2503 καὶ
1183 2460 1336 2516 εἰρῆνην
1362 2460 1426 2504 καὶ
1455 2461 1644 2516 ὁμόνοιαν
1678 2462 1743 2505 καὶ
1773 2462 1874 2518 ἀγά-

139 2556 184 2588 30
209 2535 365 2594 ,,πην.“
411 2541 543 2581 ταῦτα
565 2535 631 2580 καὶ
657 2535 746 2592 περὶ
771 2540 840 2591 τῆς
864 2541 944 2580 τῶν
967 2538 1174 2592 μακαρίων
1201 2539 1359 2582 ἐκείνων
1383 2539 1486 2594 πρὸς
1507 2537 1572 2587 τὲς
1599 2557 1873 2593 παραπεπτω-

209 2614 332 2664 κότας
373 2619 455 2658 τῶν
494 2613 677 2667 ἀδελφῶν
720 2617 887 2668 στοργῆς
930 2614 1137 2669 ὠφελίμως
1177 2617 1456 2670 προσκείσθω,
1510 2620 1580 2671 τῆς
1620 2615 1873 2672 ἀπανθρῶπε

209 2690 276 2736 καὶ
320 2691 484 2747 ἀνηλεεῖς
525 2692 639 2734 ἕνεκα
683 2692 903 2739 διαθέσεως
945 2695 1024 2734 τῶν
1062 2692 1163 2748 μετά
1209 2697 1340 2737 ταῦτα
1391 2693 1563 2748 ἀφειδῶς
1596 2701 1681 2742 τοῖς
1719 2698 1875 2750 Χριστῦ

209 2771 342 2825 μέλεσι
375 2769 749 2824 προσενηνεγμένων.

306 2874 341 2906 7,
376 2865 546 2912 ὁμόλογοι
578 2865 732 2912 fzcefE,
767 2862 981 2908 ὁμολογηταὶ
1016 2879 1057 2910 q,
1091 2865 1359 2913 ὅμολογειμένως
1391 2869 1476 2902 Izz'k.
1521 2871 1525 2911 Ι
1565 2875 1619 2906 11.
1653 2865 1772 2902 πάντα
1807 2881 1874 2903 om.

210 2925 355 2961 aeikS.
384 2924 391 2973 Ι
424 2931 478 2963 14.
505 2925 688 2959 ἑταπειίἐν
716 2942 759 2947 -
790 2925 910 2960 1Petr.
928 2931 959 2966 5,
977 2931 1009 2963 6.
1041 2932 1046 2971 Ι
1078 2933 1134 2964 15.
1156 2925 1260 2972 τότε]
1287 2927 1371 2961 τέτο
1397 2927 1429 2959 Ῐι.
1460 2926 1466 2972 Ι
1500 2932 1553 2963 16.
1579 2927 1647 2969 μὲν
1671 2932 1750 2971 post
1776 2927 1876 2961 ἔλυον

210 2995 279 3018 om.
305 2984 450 3028 aeqik.
489 2983 493 3027 Ι
533 2988 589 3021 17.
617 2980 712 3026 κύριε
739 3002 783 3007 -
810 2983 887 3016 Act.
915 2989 946 3025 7,
974 2990 1030 3022 60.
1068 2984 1074 3030 Ι
1116 2991 1172 3021 22.
1207 2986 1336 3030 ἔλαβον
1361 2984 1534 3027 aeyle,
1568 2984 1694 3030 ἔλαβεν
1730 2985 1832 3029 cfik.
1864 2986 1870 3031 Ι

212 3048 269 3086 23·
303 3040 427 3076 αὗῒοῖς
459 3042 492 3075 lt.
530 3041 536 3087 Ι
574 3046 631 3079 26-
664 3038 809 3074 mivrwv
842 3042 1208 3086 bedfthsaHB,
1246 3041 1365 3077 πάντα
1401 3042 1545 3077 aeikS.
1586 3045 1590 3088 Ι
1632 3049 1687 3081 27.
1721 3041 1783 3089 εἰρ.
1818 3041 1874 3078 ἀεὶ

211 3101 332 3145 cshik
346 3101 427 3143 VH,
452 3097 514 3145 εἰρ.
542 3096 628 3143 ἡμῖν
654 3100 986 3142 αεῃΝδδᾶΒᾰΒ.
1013 3104 1018 3148 Ι
1052 3109 1107 3140 32.
1133 3103 1212 3147 καὶ]
1238 3116 1275 3137 τε
1300 3107 1359 3137 καὶ
1386 3104 1466 3137 aes
1481 3101 1588 3135 VHfl.
