2052 3422
104 1095 148 1128 10

108 1483 150 1514 15

108 1872 152 1903 20

112 2263 154 2295 25

606 173 778 217 EUSEB.
809 172 933 215 HIST.
964 171 1110 214 ECCL.
1160 171 1249 213 LIB.
1281 170 1311 224 Ι,
1342 170 1380 212 2.
1798 168 1823 209 5

167 302 238 349 τὸν
271 304 432 358 σωτῆρα
460 297 639 356 Χριστὸν
666 299 940 353 ε’πινοουμένης
969 296 1223 353 ὑψηλοτέρας
1247 315 1288 340 τε
1320 294 1386 340 καὶ
1414 294 1638 351 κρείττονος
1670 290 1692 349 ἣ
1723 290 1828 337 κατὰ

170 381 387 438 ἄνθρωπον
410 379 636 434 οἰκονομίας
664 397 705 421 τε
735 375 800 421 καὶ
827 375 1051 432 θεολογίας.
1087 373 1154 418 καὶ
1183 374 1259 430 γάρ
1284 371 1355 417 οὖν
1382 371 1450 418 τὸν
1474 376 1606 429 γραφῇ
1631 374 1827 428 μέλλοντα

169 464 240 516 τῆς
273 460 596 515 ἔκκλησιαστικῆς
621 455 848 512 ὑφηγήσεως
874 452 1122 511 παραδώσειν
1145 451 1216 508 τὴν
1239 453 1428 508 ἱστορίαν,
1465 450 1620 495 ἄνωθεν
1649 452 1692 494 ἐκ
1717 449 1830 506 πρώ-

169 557 240 594 της
272 541 343 593 τῆς
376 535 459 580 κατ’
497 533 619 578 αὐτὸν
653 534 721 578 τὸν
752 530 957 590 Χριστόν,
1002 531 1065 577 ὅτι
1100 550 1173 587 περ
1209 532 1249 582 ἐξ
1284 531 1410 574 αὐτοῦ
1445 528 1511 574 καὶ
1556 529 1831 584 προςωνυμιάς

171 614 414 672 ἠξιώθημεν,
450 614 658 669 θειοτέρας
692 608 715 668 ἢ
750 611 854 655 κατὰ
886 607 935 655 ‘to'
967 614 1112 654 δοκοῦν
1142 617 1226 659 τοῖς
1255 612 1419 658 πολλοῖς
1449 609 1676 664 οἰκονομίας
1710 607 1832 664 ἀναγ-

170 701 284 740 καῖον
319 690 368 737 ἂν
397 691 456 748 εἴη
490 690 786 748 κατάρξασθαι.

881 821 1031 863 CAP.
1082 821 1122 862 2.

233 909 405 958 Ἐπιτομὴ
434 906 674 958 κεφαλαιώδης
701 910 777 956 περὶ
806 907 868 953 τῆς
896 905 984 942 κατὰ
1014 905 1077 941 τὸν
1105 904 1243 953 σωτῆρα
1271 906 1328 939 καὶ
1357 900 1473 952 κύριον
1503 898 1602 949 ἡμῶν
1624 900 1760 949 Ἰησοῦν

604 973 758 1022 Χριστὸν
784 970 1028 1022 προῦπάρξεώς
1054 987 1091 1007 τε
1121 973 1179 1006 καὶ
1208 972 1408 1016 θεολογίας.

304 1082 453 1123 Διττοῦ
488 1077 530 1122 δὲ
565 1076 680 1127 ὄντος
714 1081 786 1121 τοῦ
822 1077 904 1121 κατ’
943 1076 1065 1120 αὐτὸν
1108 1074 1282 1131 τρόπου,
1323 1071 1388 1118 καὶ
1428 1076 1503 1116 τοῦ
1547 1071 1616 1127 μὲν
1654 1071 1839 1127 σώματος

173 1157 351 1208 ἐοικότος
385 1160 550 1213 κεφαλῇ,
584 1154 730 1212 ᾗθεὸς
763 1158 990 1210 ἐπινοεῖται,
1028 1157 1099 1197 τοῦ
1127 1153 1169 1197 δὲ
1195 1151 1288 1197 ποσὶ
1313 1151 1684 1208 παραβαλλομένου,
1717 1148 1740 1205 ᾗ
1769 1148 1838 1193 τὸν

174 1239 214 1281 ἐν
247 1235 335 1292 ἡμῖν
368 1233 584 1291 ἄνθρωπον
628 1234 860 1289 ὁμοιοπαθῆ
894 1237 964 1288 τῆς
998 1231 1106 1287 ἡμῶν
1141 1232 1272 1275 αὐτῶν
1313 1232 1438 1274 ἕνεκεν
1472 1229 1591 1273 ὑπέδυ
1627 1227 1837 1284 σωτηρίας,

174 1313 307 1372 γένοιτ’
341 1311 391 1357 ἂν
414 1313 501 1368 ἡμῖν
535 1314 718 1356 ἐντεῦθεν
740 1310 894 1367 ἐντελὴς
929 1311 951 1366 ἡ
985 1314 1064 1354 τῶν
1091 1309 1331 1354 ἀκολούθων
1357 1308 1560 1362 ὑπόθεσις,
1597 1310 1633 1351 εἰ
1658 1311 1728 1362 τῆς
1753 1306 1836 1350 κατ’

176 1389 299 1436 αὐτόν
335 1392 512 1447 ἱστορίας
545 1389 702 1445 ἁπάσης
731 1389 809 1433 ἀπὸ
839 1393 919 1432 ταῖν
953 1386 1362 1444 κεφαλαιωδεστάτων
1389 1384 1455 1430 καὶ
1484 1384 1739 1440 κυριωτάτων
1766 1388 1839 1428 τοῦ

177 1468 296 1525 λόγου
339 1467 409 1525 τὴν
442 1468 633 1524 ὑφήγησιν
676 1467 960 1522 ποιησαίμεθα.
1013 1466 1138 1521 ταύτῃ
1175 1466 1215 1510 δὲ
1250 1464 1324 1521 ἤδη
1368 1463 1433 1509 καὶ
1480 1468 1552 1519 τῆς
1586 1467 1841 1518 Χριστιανῶν

180 1545 439 1603 ἀρχαιότητος
470 1546 516 1590 τὸ
551 1543 724 1589 παλαιὸν
757 1544 858 1599 ὁμοῦ
887 1542 953 1588 καὶ
982 1544 1205 1599 θεοπρεπὲς
1231 1551 1315 1592 τοῖς
1346 1544 1436 1586 νεάν
1471 1540 1594 1596 αὐτὴν
1628 1540 1693 1585 καὶ
1729 1544 1841 1585 ἐκτε-

177 1627 425 1680 τοπισμένην,
454 1623 550 1680 χθὲς
569 1622 634 1668 καὶ
657 1623 704 1666 οὐ
731 1623 926 1679 πρότερον
945 1630 1136 1677 φανεῖσαν
1159 1619 1480 1679 ὑπολαμβάνεσιν
1501 1619 1840 1676 άναδειχθήσεται.

308 1704 454 1751 Γένους
486 1700 556 1757 μὲν
588 1698 660 1744 οὖν
690 1698 755 1743 καὶ
789 1700 916 1754 ἀξίας,
952 1699 1077 1755 αὐτῆς
1109 1718 1150 1743 τε
1183 1700 1323 1748 οὐσίας
1351 1702 1421 1754 τῆς
1451 1701 1525 1742 τοῦ
1560 1702 1740 1752 Χριστοῦ
1775 1697 1840 1742 καὶ

176 1779 332 1837 φύσεως
365 1778 474 1829 οῦτις
503 1776 552 1822 ἂν
582 1781 635 1828 εἷς
663 1779 853 1835 ἕκφρασιν
879 1777 1083 1834 αὐτάρκης
1111 1778 1260 1833 γένοιτο
1290 1776 1418 1832 λόγος.
1469 1774 1492 1832 ᾗ
1523 1774 1588 1820 καὶ
1612 1777 1657 1821 τὸ
1690 1780 1843 1832 πνεῦμα

177 1857 223 1903 τό
257 1866 371 1903 θεῖον
403 1859 444 1902 ἐν
476 1857 738 1914 προφητείαις
773 1856 870 1912 ,,τὴν
902 1857 1038 1913 γενεάν
1071 1853 1248 1911 αὖτοῦ,“
1283 1856 1401 1912 φησί,
1445 1855 1534 1910 ,,τι’ς
1568 1852 1843 1910 διηγήσεται;“

177 1936 238 1981 ὅτι
273 1935 318 1992 δὴ
354 1935 446 1980 οὔτε
480 1933 548 1980 τὸν
580 1937 734 1991 πατέρα
768 1954 827 1984 τις
862 1937 978 1991 ἔγνω,
1013 1936 1049 1978 εἰ
1079 1932 1131 1990 μὴ
1167 1934 1187 1978 ὁ
1224 1934 1324 1990 υἱὸς,
1360 1932 1439 1977 οὔτ’
1477 1929 1528 1977 αὗ
1564 1930 1634 1976 τὸν
1665 1932 1749 1977 υἱόν
1785 1952 1844 1982 τις

177 2015 276 2072 γνῴη
307 2015 404 2060 ποτὲ
438 2014 522 2059 κατ’
554 2013 682 2069 ἀξίαν,
711 2015 746 2057 εἰ
770 2012 822 2070 μὴ
851 2013 970 2069 μόνος
1005 2013 1024 2056 ὁ
1052 2012 1239 2069 γεννήσας
1269 2010 1390 2056 αὐτὸν
1419 2009 1563 2067 πατήρ.
1603 2009 1650 2055 τό
1684 2030 1726 2055 τε
1753 2014 1839 2067 φῶς

179 2094 224 2138 τὸ
259 2092 504 2149 προκόσμιον
533 2091 600 2137 καὶ
635 2090 704 2148 τὴν
736 2091 813 2149 πρὸ
851 2090 1003 2136 αἰώνων
1037 2091 1178 2144 νοεριὶν
1207 2089 1272 2134 καὶ
1306 2089 1476 2146 οὖσιώδη
1509 2088 1669 2145 σοφίαν,
1705 2089 1774 2134 τόν
1802 2109 1845 2134 τε

180 2174 308 2224 ζῶντα
342 2169 409 2215 καὶ
442 2172 484 2214 ἕν
515 2171 614 2227 ἀρχῇ
643 2168 755 2226 παρὰ
789 2174 846 2224 τῷ
871 2168 990 2226 πατρὶ
1030 2168 1272 2226 τυγχάνοντα
1299 2169 1398 2213 θεὸν
1427 2167 1542 2224 λόγον
1573 2168 1633 2217 τίς
1670 2164 1719 2212 ἂν
1745 2165 1845 2224 πλὴν

181 2253 254 2294 τοῦ
277 2248 429 2304 πατρὸς
455 2252 649 2303 καθαρῶς
673 2248 877 2304 ἕννοήσειε,
912 2248 989 2303 πρὸ
1015 2246 1145 2303 πάσης
1171 2248 1333 2297 κτίσεως
1360 2244 1426 2290 καὶ
1451 2247 1705 2302 δημιουργίας
1741 2244 1845 2302 ὁρω-

179 2329 295 2384 με’νης
328 2346 371 2371 τε
406 2325 471 2369 καὶ
508 2325 684 2381 ἀοράτου
716 2326 762 2369 τὸ
797 2329 954 2380 πρῶτον
988 2325 1052 2369 καὶ
1080 2324 1200 2382 μόνον
1232 2329 1304 2369 τοῦ
1337 2328 1442 2369 θεοῦ
1466 2326 1645 2380 γέννημα,
1677 2322 1745 2367 τὸν
1774 2328 1846 2379 τῆς

182 2405 265 2450 κατ’
303 2402 474 2461 οὐρανὸν
507 2407 664 2460 λογικῆς
701 2402 768 2447 καὶ
812 2402 1024 2447 ἀθανάτου
1061 2407 1251 2458 στρατιᾶς
1296 2401 1631 2459 ἀρχιστράτηγον,
1673 2399 1741 2444 τὸν
1775 2405 1846 2456 τῆς

180 2482 350 2541 μεγάλης
377 2486 524 2540 βουλῆς
557 2480 731 2538 ἄγγελον,
767 2481 838 2526 τὸν
864 2485 934 2537 τῆς
962 2481 1136 2539 άρῥήτου
1167 2481 1318 2539 γνώμης
1339 2483 1411 2524 τοῦ
1440 2478 1597 2537 πατρός
1632 2476 1844 2535 ὑπουργόν,

279 2654 311 2686 1.
336 2646 479 2692 σωτῆρα
504 2659 571 2681 om.
597 2647 706 2688 ehik,
732 2647 808 2680 fort.
835 2651 937 2680 recte.
963 2646 967 2690 Ι
1002 2643 1220 2691 ιῖψηλοτέρας
1242 2658 1280 2680 τε
1306 2656 1372 2679 om.
1390 2645 1420 2679 k.
1451 2644 1457 2690 Ι
1490 2651 1522 2682 2.
1548 2639 1610 2678 οἶν
1635 2656 1700 2678 om.
1726 2643 1840 2688 effla!

185 2713 241 2746 12.
269 2706 306 2742 ἐν
329 2719 395 2741 om.
419 2707 495 2751 qki
518 2707 554 2751 (a
577 2717 646 2740 see.
671 2707 776 2749 man.)
801 2706 831 2747 k,
856 2707 932 2740 fort.
959 2711 1061 2740 recte.
1093 2706 1097 2751 Ι
1129 2702 1249 2739 αὑτοῖν
1273 2703 1388 2738 ἕνεκεν
1414 2704 1614 2748 csykikB,
1639 2702 1752 2738 ἕνεκεν
1777 2701 1847 2737 αὗ-

183 2765 257 2802 τοῖν
281 2765 478 2801 aSVSaH.
509 2766 514 2811 Ι
546 2771 602 2803 13.
629 2763 797 2799 ἐντεῦθεν
821 2776 886 2798 om.
913 2777 936 2798 a
962 2764 1003 2807 (a
1025 2777 1074 2810 pr.
1100 2765 1160 2808 m.)
1185 2764 1286 2798 ekik.
1317 2762 1322 2808 Ι
1355 2759 1525 2797 ὑπόθεσις
1549 2762 1740 2805 csvBHb,
1763 2759 1846 2805 διή-

186 2837 282 2872 γησις
308 2826 417 2870 ac(in
434 2824 764 2868 m.)ehSVSaII.1
795 2829 851 2862 15.
878 2821 944 2869 ἤδη
970 2836 1035 2858 om.
1060 2825 1168 2858 chile.
1200 2823 1204 2869 Ι
1233 2827 1287 2861 18.
1310 2822 1373 2866 τῆς
1397 2833 1462 2856 orn.
1489 2820 1640 2865 aeqlzfls'.
1664 2821 1669 2864 Ι
1700 2826 1755 2857 20.
1782 2819 1848 2864 τήν

187 2882 309 2931 γενεάν
334 2905 378 2910 -
404 2885 478 2917 Jes.
506 2889 562 2924 53,
587 2887 619 2921 8.
652 2882 657 2928 Ι
689 2887 744 2919 21.
769 2880 830 2916 ὅτε
855 2881 920 2916 τόν
944 2885 1081 2927 πατέρα
1106 2903 1149 2908 -
1177 2883 1221 2916 cf.
1246 2881 1369 2915 Matth.
1396 2886 1450 2922 11,
1480 2886 1535 2918 27.
1558 2880 1640 2913 Luc.
1669 2885 1723 2921 10,
1749 2886 1804 2917 22.
1835 2879 1841 2924 Ι

188 2950 245 2981 22.
270 2940 364 2989 γνώῃ
390 2943 465 2986 cflz
479 2942 610 2983 VHB,
636 2943 734 2986 γνοίη
759 2941 816 2982 ilc,
842 2941 928 2985 ἔγνω
954 2941 1017 2984 eS,
1044 2942 1130 2987 ἔγνῳ
1157 2942 1237 2986 (sie)
1263 2941 1492 2984 superscripto
1518 2954 1538 2982 η
1564 2951 1627 2982 aq.
1658 2938 1663 2985 Ι
1697 2945 1752 2976 23.
1776 2936 1847 2982 πρό

188 2998 350 3046 αἰώνων]
375 2998 592 3045 προαιώνιον
617 3000 729 3034 abeo.
771 3001 774 3043 Ι
819 3005 874 3037 24.
902 2997 991 3035 θεόν
1019 3000 1238 3042 CRVHB,
1271 2996 1362 3033 θεοῦ
1384 2997 1449 3032 vaS'.
1491 2999 1496 3043 Ι
1541 3003 1598 3036 26.
1622 2997 1766 3043 πρῶτον
1789 3002 1846 3032 καὶ

189 3059 500 3105 cfySVSaHB,
525 3071 590 3093 om.
617 3059 833 3102 aehikopt.
871 3059 876 3103 Ι
916 3063 974 3093 καὶ
1000 3057 1112 3103 μόνον
1136 3057 1180 3093 τὲ
1203 3057 1272 3092 θεᾶ
1297 3068 1362 3090 om.
1385 3069 1426 3100 (J,
1452 3063 1509 3091 καὶ
1535 3054 1648 3100 μόνον
1672 3059 1771 3091 uncis
1796 3058 1847 3089 in-

191 3120 284 3154 cludi
309 3119 513 3154 mavultHb
530 3125 713 3164 praeeunte
733 3118 790 3153 Sa„
822 3117 829 3165 Ι
853 3116 1087 3164 28-5713070'21]
1111 3114 1298 3160 τελειωτήν
1315 3115 1441 3161 aqu:
1467 3117 1511 3151 cf.
1527 3116 1620 3151 Kde
1633 3117 1709 3151 Rus,
1721 3129 1754 3162 p.
1767 3121 1846 3155 268-
