2052 3422
886 159 1188 204 PRAEFATIO.
1825 174 1868 202 ,x

313 288 347 335 Ιι
415 284 579 335 Codex
601 284 802 333 Venetus
829 299 871 332 n.
893 282 1008 343 338,
1031 295 1151 331 saec.
1175 279 1235 341 X,
1255 279 1442 329 collatus
1459 280 1505 327 in
1524 293 1653 329 usum
1667 279 1868 329 Burtoni.

311 377 337 424 i

313 556 343 604 k,

415 375 578 424 Codex
610 376 805 423 Florent.
842 372 952 421 Bibl.
985 371 1218 431 Laurent.7
1252 368 1364 417 Plut.
1398 369 1546 432 LXX,
1577 370 1646 431 7..
1682 370 1869 420 collatus

409 467 454 512 in
490 481 614 513 usum
655 464 852 510 Burtoni.

412 555 574 603 Codex
604 553 800 600 Florent.
835 550 946 599 Bibl.
982 549 1209 609 Laurent,
1244 548 1356 596 Plut.
1384 547 1528 610 LXX,
1554 548 1649 610 20..
1683 547 1872 598 collatus

410 645 455 692 in
489 658 616 692 usum
649 642 845 689 Burtoni.

315 752 364 783 m
411 734 584 781 Jonesii
616 733 833 779 lectiones
870 729 925 776 ad
956 729 1124 776 calcem
1155 727 1359 776 editionis
1385 725 1751 790 Readingianae‚
1782 727 1870 776 de-

301 1378 341 1514 ’.θὲ

310 1644 346 1939 ἓθῆπ

411 829 583 871 sumtae
603 828 765 869 tantum
789 835 878 868 non
900 833 1056 867 omnes
1080 834 1106 865 e
1127 819 1331 880 margine
1352 816 1557 866 editionis
1572 815 1871 867 Genevensis.

409 911 464 959 cf.
500 910 664 959 Stroth.
698 926 740 973 p.
764 908 884 957 XVI.
952 908 1079 956 Hein.
1113 923 1156 971 p.
1183 905 1322 954 XVII.
1475 945 1481 949 ,

405 999 570 1050 Codex
606 999 849 1047 Castellani
891 998 948 1046 ad
992 997 1161 1044 calcem
1206 995 1276 1044 ed.
1319 995 1541 1059 Reading.
1608 995 1665 1046 cf.
1707 996 1872 1046 Stroth.

408 1107 451 1154 p.
486 1088 645 1137 XVIII.
713 1088 841 1136 Hein.
876 1103 918 1151 p.
948 1085 1107 1134 XVIII.

406 1179 615 1227 Schedae
652 1193 761 1241 quas
806 1177 1048 1241 appellavit
1084 1174 1294 1224 Valesius
1337 1173 1642 1225 Bibliothecae
1683 1174 1872 1240 Regiae.

410 1269 466 1316 cf.
502 1268 666 1316 Stroth.
700 1283 743 1331 p.
772 1265 888 1315 XIII.
957 1265 1084 1312 Hein.
1120 1280 1162 1328 p.
1188 1263 1308 1312 XIV.

407 1357 575 1407 Variae
608 1357 710 1405 lect.
743 1355 828 1404 Ed.
863 1354 1207 1419 StephanIanae.

409 1446 573 1495 Codex
599 1445 710 1492 Bibl.
744 1445 860 1506 Reg.
889 1444 1030 1492 Paris.
1055 1442 1201 1504 1437,
1236 1445 1363 1504 cujus
1393 1442 1572 1492 collatio
1603 1443 1779 1506 adjecta
1803 1450 1874 1494 est

412 1536 524 1584 calci
556 1534 625 1582 ed.
658 1534 972 1581 Burtonianae.

417 1624 582 1672 Codex
615 1623 885 1682 Vaticanus.
925 1622 1156 1685 aliquoties
1193 1637 1219 1668 a
1253 1621 1439 1671 Valesio
1475 1621 1644 1672 citatus.

413 1712 578 1762 Codex
598 1711 801 1760 Venetus
831 1710 1025 1759 Strothii.
1075 1710 1129 1758 cf.
1151 1711 1314 1759 Stroth.
1340 1727 1383 1775 p.
1399 1710 1498 1759 XV.
1537 1710 1666 1760 Hein.
1693 1727 1736 1776 p.
1754 1710 1874 1760 XVI.

411 1802 573 1864 Margo
602 1800 671 1849 ed.
693 1800 991 1849 Genevensis.
1027 1800 1082 1848 cf.
1108 1800 1272 1849 Stroth.
1302 1816 1344 1866 p.
1366 1799 1486 1849 XVI.
1520 1800 1648 1852 Hein.
1669 1817 1711 1866 p.
1734 1800 1874 1850 XVII.

413 1892 653 1953 Bongarsii
696 1891 915 1939 lectiones
959 1890 1005 1937 in
1049 1905 1190 1953 marg.
1235 1889 1306 1938 ed.
1357 1888 1531 1940 Genev.
1609 1890 1665 1939 cf.
1710 1889 1874 1940 Stroth.

409 1997 453 2046 p.
487 1979 607 2028 XVI.
673 1980 802 2028 Hein.
837 1996 879 2044 p.
912 1978 1052 2027 XVII.

415 2069 810 2134 Christophorsoni
837 2070 1071 2130 lectioneS‚
1108 2084 1222 2132 quae
1252 2069 1330 2117 vel
1359 2069 1404 2118 in
1437 2084 1577 2133 marg.
1608 2068 1679 2118 ed.
1700 2067 1875 2119 GeneV.

414 2159 679 2219 adnotatae,
724 2159 800 2206 vel
832 2159 877 2206 in
912 2161 1009 2220 ejus
1051 2160 1265 2208 versione
1298 2159 1435 2207 latina
1469 2174 1721 2224 expressae
1760 2167 1876 2210 sunt.

414 2247 469 2295 cf.
505 2247 669 2295 Stroth.
704 2263 747 2311 p.
775 2246 896 2295 XIV.
922 2246 1086 2296 XXIX.
1142 2247 1280 2295 Hein.
1314 2264 1356 2312 p.
1381 2247 1501 2297 XVI.
1529 2248 1696 2297 XXXI.

419 2335 583 2386 Codex
599 2336 871 2385 Dresdensis
889 2335 1000 2384 Bibl.
1022 2336 1157 2399 Reg.‚
1177 2337 1316 2386 seculi
1328 2336 1429 2399 ΧΠ,
1448 2339 1581 2387 scrin.
1598 2338 1654 2386 A.
1674 2352 1770 2387 nro,
1792 2338 1875 2401 85,

414 2426 498 2487 (cf.
523 2423 767 2473 Gersdorfii
791 2425 873 2490 Ep.
897 2424 1004 2474 Crit.
1032 2441 1074 2489 p.
1102 2425 1206 2486 vl),
1243 2428 1368 2488 cujus
1399 2427 1682 2477 collationem
1713 2443 1874 2491 quam-

414 2529 544 2579 quam
578 2529 669 2561 non
702 2516 922 2577 integram
956 2517 1345 2564 communicavere
1378 2515 1664 2566 Gersdorfius
1700 2517 1771 2578 (in
1789 2516 1875 2581 Ep.

416 2603 525 2653 Crit.
549 2602 605 2650 ad
626 2603 986 2665 Heinichenium)
1012 2612 1058 2653 et
1078 2604 1394 2654 Heinichenius
1422 2607 1492 2667 (in
1510 2605 1665 2671 Suppl.
1689 2606 1874 2667 notan).

417 2692 614 2743 Codices
649 2691 833 2740 Eusebii
867 2701 1082 2758 quotquot
1114 2695 1257 2744 adhuc
1291 2696 1438 2744 collati
1472 2702 1586 2745 sunt.

415 2781 564 2831 Editio
583 2782 767 2830 Burtoni
786 2782 918 2843 (Eus.
936 2784 1054 2834 HE.
1074 2785 1131 2833 ad
1153 2785 1334 2835 codices
1356 2785 1680 2849 manuscriptos
1702 2799 1873 2837 recen-

415 2873 502 2921 suit
527 2871 610 2919 Ed.
639 2871 821 2919 Burton.
857 2872 897 2921 Π
917 2872 1033 2923 Voll.
1078 2874 1223 2923 Oxon.
1248 2874 1389 2924 1838.
1455 2874 1628 2923 Textus
1666 2874 1874 2927 editionis

414 2961 714 3009 Burtonianae
749 2962 905 3010 iterum
930 2963 1106 3027 prodiit,
1138 2965 1305 3013 omisso
1332 2971 1547 3028 apparatu
1579 2963 1749 3027 critico,
1783 2965 1873 3014 ad-

417 3050 516 3100 ditis
551 3049 722 3099 Valesii
755 3058 800 3100 et
831 3051 1104 3102 Heinichenii
1139 3054 1487 3115 commentariis,
1530 3052 1678 3104 Oxon.
1701 3054 1870 3117 1845.)

1502 3150 1588 3198 A3
