2068 3342
235 98 321 141 226
637 98 809 140 EUSEB.
842 99 964 141 HIST.
996 101 1141 142 ECCL.
1189 101 1278 143 LlB.
1311 102 1374 153 VI,
1407 102 1474 144 25.

165 227 192 266 8
333 224 343 239 t
496 222 506 236 x
574 223 584 237 2
612 221 621 235 ²
667 219 682 236 Τ
748 223 756 236 ’
905 231 921 238 -
1026 224 1034 237 r
1202 229 1220 236 -ι
1262 227 1271 240 2
1405 226 1414 240 t
1501 222 1515 238 Τ
1615 225 1624 239 t
1738 226 1755 241 u
1871 228 1881 242 s

235 231 431 279 ,,Πετρος
467 228 529 276 δε,
565 240 614 276 εφ
651 241 681 276 ῳ
717 228 981 278 οικοδομειται
1016 245 1037 280 η
1066 232 1218 281 Χριστε
1252 229 1459 280 εκκλησια,
1493 244 1539 281 ης
1571 230 1693 270 πυλαι
1729 233 1801 284 ᾳδο
1836 246 1883 272 ου

236 300 541 357 ,,κατισχύσεσι,
571 301 665 355 μιάν
699 302 908 356 ἐπιστολὴν
943 302 1228 358 ὁμολογεμένην
1262 305 1560 359 καταλέλοιπεν,
1609 306 1708 349 ἔστω
1742 305 1782 349 δὲ
1818 304 1883 350 καὶ

167 381 192 419 9
237 380 481 434 ,,δευτε’ραν“
514 378 807 434 ἀμφιβάλλεται
835 379 922 435 γάρ.
965 381 1007 424 τί
1026 386 1088 424 δεῖ
1105 380 1191 436 περὶ
1220 384 1263 423 τῖς
1283 380 1554 431 ἀναπεσόντος
1577 380 1637 426 ἐπὶ
1665 380 1883 438 τὸστῆθος

235 486 262 508 ,,
276 458 393 510 λέγειν
427 459 472 498 τῦ
502 455 616 510 'Ityn-Z,
647 456 816 511 Ἰωάννε,
851 455 895 506 ὃς
927 458 1146 514 εὐαγγέλιον
1177 461 1215 501 ἒν
1249 461 1545 514 καταλέλοιπεν,
1576 459 1780 515 ὁμολογῶν
1813 460 1882 504 δύ-

235 541 424 585 ,,νασθαι
458 537 637 577 τοσαῦτα
663 533 840 589 ποιήσειν
871 533 897 577 α’
924 535 986 579 ἐδέ
1017 536 1037 579 ὁ
1068 535 1214 590 κόσμος
1235 539 1409 591 χωρῆσαι
1441 536 1630 587 ἐδύνατος
1664 539 1813 595 ἔγραψε
1840 537 1883 582 δὲ
1933 552 1952 583 5

235 611 340 664 ,,καὶ
376 611 447 666 τὴν
475 611 772 668 Ἀποκάλυψιν,
808 612 1032 661 κελευσθεὶς
1068 617 1263 668 σιωπῆσαι
1305 612 1372 657 καὶ
1404 611 1456 669 μὴ
1498 614 1654 671 γράψαι
1691 615 1767 665 τοὶς
1807 619 1885 658 τῶν

168 693 261 741 10„
276 686 376 733 ἑπτά
409 693 584 745 βροντῶν
614 689 761 744 φωνάς.
810 692 1071 734 καταλέλοιπε
1096 690 1161 734 καὶ
1193 691 1404 747 ἐπιστολήν
1431 691 1534 735 πάνυ
1562 692 1702 748 ὀλίγων
1730 694 1884 749 στίχων,

235 798 261 819 ,,
275 769 373 811 ἔστω
405 766 445 810 δὲ
480 766 544 810 καὶ
579 769 764 823 δευτέραν
793 766 858 810 καὶ
893 769 1048 823 τρίτην·
1095 767 1175 811 ἐπεὶ.
1213 769 1258 811 οὖ
1293 769 1438 819 πάντες
1467 768 1565 824 φασὶ
1599 769 1752 826 γνησίας
1785 773 1883 815 εἶναι

169 846 216 886 11
235 874 262 896 ,‚
276 844 443 893 ταύτας·
473 845 573 899 πλὴν
602 845 647 888 ἐκ
676 843 747 888 εἰσὶ
785 844 924 900 στίχων
950 845 1171 902 ἀμφότεραι
1198 845 1378 891 ἑκατόν.“
1429 849 1484 890 ἔτι
1514 846 1614 903 πρὸς
1638 846 1769 898 τᾶτοις
1794 847 1884 904 περὶ

234 926 303 977 τῆς
335 920 435 976 πρὸς
463 921 641 978 Ἐβραῖος
676 924 883 978 ἐπιστολῆς
916 925 957 966 ἐν
989 931 1076 973 ταῖς
1110 925 1164 973 εἰς
1199 923 1320 981 αὐτὴν
1349 924 1520 979 ὁμιλίαις
1547 928 1676 969 ταῦτα
1714 930 1881 982 διαλαμ-
1911 938 1954 970 10

233 999 362 1057 βάνει”
398 999 496 1054 ,,ὅτι
529 1000 549 1043 ὁ
582 999 785 1057 χαρακτὴρ
815 1004 886 1056 τῆς
920 1002 1059 1052 λε”ξεως
1092 1005 1161 1056 τῆς
1193 1001 1292 1058 πρὸς
1321 1002 1526 1059 Ἑβραίους
1560 1004 1886 1059 ἐπιγεγραμμένης

234 1110 260 1130 „
275 1079 484 1133 ἐπιστολῆς
515 1077 557 1120 ἐκ
592 1080 664 1133 ἔχει
699 1076 744 1121 τὸ
779 1080 819 1121 ἐν
853 1077 954 1134 λόγῳ
988 1077 1184 1123 ἰδιωτικόν
1217 1084 1264 1123 τῦ
1297 1079 1519 1135 ἀποστόλε,
1564 1079 1886 1136 ὁμολογήσαντος

235 1188 261 1207 ,,
275 1156 418 1198 ἑαυτὸν
454 1154 610 1210 ἰδιώτην
643 1157 741 1198 εἶναι
776 1161 831 1210 τῷ
866 1157 980 1212 λόγῳ,
1016 1159 1169 1202 τετέστι
1201 1162 1246 1213 τῇ
1273 1158 1429 1214 φράσει,
1463 1156 1565 1201 ἀλλά
1602 1159 1708 1202 ἐστιν
1741 1157 1764 1213 ἡ
1800 1158 1886 1201 ε’πι-

235 1229 394 1288 ,,στολή
430 1234 610 1276 συνθέσει
646 1236 716 1287 τῆς
755 1235 895 1284 λέξεως
938 1236 1242 1291 ἑλληνικωτέρα,
1288 1240 1367 1284 πᾶς
1400 1235 1420 1279 ὁ
1455 1235 1712 1291 ἐπιστάμενος
1746 1234 1886 1292 κρίνειν

169 1310 462 1365 12,,φράσεων
491 1307 691 1365 διαφοράς
723 1309 964 1366 ὁμολογήσαι
997 1309 1056 1354 ἅν.
1108 1312 1226 1356 πάλιν
1259 1332 1300 1357 τε
1336 1309 1387 1355 αὗ
1418 1311 1479 1355 ὅτι
1508 1310 1559 1356 τὰ
1597 1313 1778 1369 νοήματα
1814 1316 1885 1368 τῆς
1911 1326 1955 1358 15

237 1422 263 1442 ,,
276 1390 485 1443 ἐπιστολῆς
506 1387 717 1442 θαυμάσιά
746 1389 841 1443 ἐστι,
876 1387 942 1431 καὶ
978 1389 1024 1432 οὐ
1055 1389 1220 1445 δεύτερα
1251 1394 1330 1434 τῶν
1362 1390 1640 1435 ἀποστολικῶν
1668 1390 1887 1446 ὁμολογου-

236 1498 262 1519 ,,
275 1468 399 1521 μένων
431 1465 685 1522 γραμμάτων,
715 1464 780 1508 καὶ
809 1470 900 1510 τέτο
935 1464 983 1509 ἂν
1013 1467 1215 1523 συμφήσαι
1245 1470 1342 1512 εἶναι
1365 1468 1516 1525 ἀληθὲς
1540 1472 1620 1518 πᾶς
1642 1468 1663 1513 ὁ
1686 1469 1888 1524 προσέχων

170 1548 262 1597 13„
276 1547 323 1598 τῇ
358 1543 570 1600 ἀναγνώσει
596 1547 641 1598 τῇ
671 1543 956 1599 άποστολικῇ.“
998 1544 1127 1595 τέτοις
1152 1546 1239 1601 μεθ’
1273 1547 1387 1603 ἕτερα
1413 1548 1585 1604 ἐπιφέρει
1610 1548 1748 1602 λέγων·
1786 1543 1887 1602 ,,ε’γῶ

236 1621 319 1673 ,,δὲ
355 1620 671 1677 ἀποφαινόμενος
700 1621 839 1678 εἴποιμ’
872 1619 934 1678 ἂν,
969 1622 1028 1667 ὅτι
1063 1621 1114 1666 τά
1142 1623 1212 1678 μὲν
1245 1624 1425 1680 νοήματα
1451 1628 1498 1668 τῦ
1533 1622 1734 1669 ἅποστόλε
1769 1621 1886 1677 ἐστὶν,

237 1699 298 1754 ,,ἡ
333 1698 370 1742 δὲ
398 1698 545 1755 φράσις
580 1698 644 1742 καὶ
679 1699 702 1755 ἡ
732 1699 916 1748 σύνθεσις
951 1700 1373 1756 ἀπομνημονεύσαντός
1402 1720 1508 1751 τινος
1537 1702 1587 1746 τοὶ
1623 1698 1886 1755 ἀποστολικοὶ,
1915 1713 1959 1745 20

237 1775 343 1829 „aaz
377 1775 542 1830 ὡσπερεὶ
571 1776 985 1834 σχολιογραφήσαντός
1014 1797 1118 1827 τινος
1142 1776 1193 1822 τά
1226 1780 1406 1835 εἰρημένα
1432 1777 1507 1823 ὑπὸ
1532 1783 1606 1823 τοῦ
1633 1777 1887 1822 διδασκάλου.

238 1853 316 1906 ,,εἴ
345 1873 404 1903 τις
438 1851 481 1897 ἓν
514 1855 700 1908 ἐκκλησία
733 1856 806 1910 ἔχει
835 1855 981 1911 ταύτην
1016 1854 1086 1911 τὴν
1119 1856 1329 1913 ἐπιστολὴν
1363 1857 1416 1906 ὡς
1444 1856 1602 1912 Haila,
1638 1856 1740 1912 αὕτη
1773 1856 1890 1900 εὗδο-

238 1932 437 1986 ,,κιμείτω
473 1930 538 1974 καὶ
582 1930 643 1974 ἐπὶ
678 1932 818 1987 τούτῳ.
874 1933 921 1976 οὗ
955 1931 1031 1989 γάρ
1070 1935 1151 1988 εἰκῇ
1187 1936 1224 1978 οἱ
1260 1935 1416 1991 ἀρχαῖοι
1452 1932 1593 1992 ἄνδρες
1625 1934 1680 1984 ὥς
1717 1933 1888 1978 Παύλου

174 2009 401 2064 14,,αὗτῆν
434 2009 753 2064 παραδεδώκασι.
805 2011 864 2060 τίς
890 2011 930 2055 δὲ
966 2011 985 2054 ὁ
1020 2011 1181 2068 γράψας
1212 2012 1283 2069 τὴν
1308 2011 1530 2069 ἐπιστολὴν,
1568 2010 1614 2057 ‘cd
1646 2011 1716 2068 μὲν
1739 2011 1891 2068 ἀληθὲς

241 2084 377 2139 ,,θεὸς
412 2090 526 2141 οἶδεν,
561 2087 582 2142 ἦ
615 2087 655 2130 δὲ
688 2089 742 2137 εἰς
774 2088 878 2145 ἡμᾶς
912 2089 1109 2145 φθάσασα
1145 2091 1303 2148 ἱστορία
1328 2090 1405 2135 ὑπό
1438 2110 1554 2135 τινων
1580 2089 1649 2147 μὲν
1684 2089 1888 2147 λεγόντων,
1916 2105 1959 2137 25

241 2197 266 2218 „
281 2164 341 2208 ὅτι
376 2165 543 2221 Κλήμης
578 2164 598 2208 ὁ
632 2165 838 2222 γενόμενος
881 2168 1094 2218 ἐπίσκοπος
1123 2168 1324 2224 Ῥωμαίων
1364 2171 1512 2226 ἔγραψε
1555 2166 1626 2225 τήν
1668 2166 1890 2223 ἐπιστολὴν,

241 2242 356 2296 ,,ὖπό
390 2262 504 2287 τινων
538 2242 592 2297 δὲ,
627 2242 687 2287 ὅτι
717 2248 856 2294 Λεκᾶς
889 2244 909 2288 ὁ
945 2245 1106 2302 γράψας
1139 2246 1184 2290 τὸ
1220 2246 1443 2304 εὐαγγέλιον
1473 2244 1539 2291 καὶ
1578 2245 1654 2295 τοὶς
1686 2242 1890 2302 πράξεις.“

243 2320 348 2364 ἀλλὰ
382 2324 510 2364 ταῦτα
543 2320 613 2376 μὲν
647 2317 722 2365 ὦδε
755 2323 884 2378 ἐχέτω.

339 2575 371 2606 1.
399 2565 452 2611 ἐφ’
478 2567 551 2602 κτλ.
578 2588 620 2593 —
654 2568 775 2602 Matth.
803 2574 857 2611 16,
884 2573 939 2606 18.
978 2568 985 2616 Ι
1021 2576 1052 2607 5.
1081 2569 1137 2604 ἐπὶ
1162 2569 1203 2602 τό
1230 2583 1279 2605 ot.
1305 2569 1418 2617 λέγειν
1448 2569 1702 2614 cfyikxNB,
1735 2567 1806 2616 λέγ.
1833 2570 1889 2606 ἐπὶ

243 2625 284 2661 τό
311 2641 361 2661 στ.
389 2628 593 2662 aehSVH.
626 2627 630 2673 Ι
660 2633 694 2665 4.
721 2625 1062 2673 ὁμολογῶν-«1011.
1084 2635 1139 2670 21,
1157 2635 1212 2666 25.
1243 2630 1249 2675 Ι
1279 2636 1311 2667 5.
1330 2627 1512 2675 ποιήσειν]
1538 2631 1653 2664 ποιεῖν
1676 2629 1710 2662 Ιι.
1739 2628 1746 2676 Ι
1777 2635 1811 2667 6.
1831 2643 1891 2665 κε-

243 2685 404 2721 λευσθεὶς
429 2707 472 2712 ——
498 2687 606 2730 Apoe.
628 2692 682 2728 10,
707 2692 740 2723 4.
778 2686 784 2733 Ι
822 2692 854 2725 7.
888 2688 965 2732 καὶ]
998 2685 1036 2722 δὲ
1061 2694 1117 2722 καὶ
1149 2688 1413 2731 abeVHSa.
1453 2688 1459 2735 Ι
1495 2694 1551 2726 10.
1582 2685 1821 2735 διαλαμβάνει
1847 2709 1890 2714 -

245 2744 342 2788 Orig.
368 2745 555 2779 Comment.
586 2745 639 2779 ed.
665 2746 768 2779 Huet.
791 2745 889 2779 Tom.
906 2747 950 2779 ΙΙ.
976 2758 1008 2789 p.
1026 2752 1107 2783 430.
1134 2747 1244 2792 (Orig.
1268 2747 1356 2792 Opp.
1383 2747 1436 2781 ed.
1459 2747 1709 2781 Lommatzsch.
1734 2747 1832 2781 Tom.
1847 2747 1890 2781 V.

244 2814 278 2847 p.
306 2805 399 2849 501).
430 2805 434 2848 Ι
469 2811 523 2842 12.
549 2801 832 2850 ὁμολογήσαντος
856 2825 899 2829 -
926 2811 946 2842 2
963 2806 1039 2839 Cor.
1065 2812 1120 2848 11,
1146 2812 1179 2844 6.
1210 2807 1215 2852 Ι
1247 2813 1303 2845 15.
1329 2806 1490 2852 φράσεως
1514 2806 1549 2840 Ῐι.
1580 2804 1587 2852 Ι
1617 2810 1675 2844 16.
1697 2803 1891 2851 ὁμολογου-

244 2866 359 2906 μένων
385 2875 451 2897 om.
477 2864 510 2897 h.
550 2863 556 2910 Ι
595 2870 651 2901 21.
681 2874 774 2898 τινος
800 2875 866 2897 om.
899 2864 1076 2908 aenyS
1091 2864 1179 2907 VH,
1210 2866 1288 2899 add.
1321 2864 1539 2900 eikaeBHb.
1586 2865 1677 2898 hanc
1708 2864 1892 2898 lectionem

246 2922 447 2956 confirmant
472 2925 574 2956 etiam
588 2923 660 2966 fh,
690 2923 876 2957 omittendo
908 2923 1014 2958 verba
1043 2921 1089 2958 τοὶ
1114 2920 1241 2960 α’ποστ.
1267 2945 1310 2952 —-
1337 2923 1506 2970 οχολιογ.,
1540 2928 1677 2969 propter
1699 2924 1892 2969 repetitum,

244 2985 283 3013 ut
306 2980 531 3026 probabiliter
554 2983 748 3027 suspicatur
772 2983 817 3025 B,
840 2992 943 3016 τινος.
