2068 3422
119 603 139 636 5

94 994 139 1028 10

96 1387 138 1420 15

95 1779 140 1811 20

96 2169 138 2202 25

98 2559 142 2591 30

588 154 760 197 EUSEB.
791 152 913 195 HIST.
946 151 1091 196 ECCL.
1142 153 1234 195 LIB.
1265 153 1332 206 IX,
1363 153 1402 196 8.
1732 152 1818 195 347

164 279 363 338 εὐγενίδων
396 279 510 335 τινὲς,
544 280 599 329 εἰς
633 277 891 335 ἀναίσχυντον
925 276 1099 334 ἀνάγκην
1130 278 1231 334 πρὸς
1263 282 1334 334 τῆς
1370 276 1539 334 ἀπορίας
1573 279 1818 333 ἕλασθεῖσαι,

162 366 356 414 μεταιτεῖν
388 356 451 403 ἐπὶ
484 361 562 402 τῶν
597 357 751 414 ἀγορῶν
781 354 1130 411 προεληλύθεσαν,
1166 360 1236 411 τῆς
1269 355 1395 400 πάλαι
1428 355 1633 412 ἐλευθεριό
1668 360 1820 412 τροφῆς

163 436 378 492 ὑπόδειγμα
401 434 469 480 διὰ
499 438 570 490 τῆς
603 433 692 490 περὶ
721 432 766 478 τὸ
800 434 1012 490 πρόσωπον
1042 435 1150 483 αι’διῖς
1185 433 1249 478 καὶ
1279 438 1349 490 τῆς
1373 433 1472 490 ἀμφὶ
1506 432 1576 490 τὴν
1608 433 1821 491 περιβολὴν

165 514 428 571 κοσμιότητος
462 512 737 569 ὑποφαίνεσαι.
788 511 850 557 καὶ
881 511 1010 568 οἱμὲν
1045 512 1335 567 ἀπεσκληκότες
1369 512 1500 569 ῶσπερ
1535 512 1678 556 εἴδωλα
1702 509 1819 569 νεκρά
1861 518 1889 558 8

166 589 242 636 ῶδε
262 592 418 636 κάκεῖσε
442 591 774 648 ψυχορῥαγιῖντες,
801 590 1041 646 ἐνσειόμενοί
1066 609 1109 633 τε
1138 589 1205 634 καὶ
1229 592 1617 647 περιολισθαίνοντες
1638 591 1697 635 ὑπ’
1721 592 1820 635 ἀδυ-

163 671 308 727 ναμίας
331 674 376 715 τῦ
397 673 549 726 στῆναι,
584 671 825 714 κατέπιπτον
851 672 890 713 ἕν
916 671 1054 725 μέσαις
1077 676 1165 718 ταῖς
1189 670 1410 724 πλατείαις,
1441 676 1598 725 πρηνεῖς
1621 669 1658 712 δ’
1683 669 1821 725 ἡπλω-

161 750 269 805 μένοι
302 748 436 804 ὀρέξαι
471 748 582 804 σφίσι
615 749 756 805 μικρὸν
788 747 940 804 τρύφος
976 746 1103 803 ἄρτου
1138 746 1456 804 κατηντιβόλουν,
1488 746 1554 790 καὶ
1588 745 1658 804 τὴν
1692 745 1822 804 ψυχήν

162 826 265 882 πρὸς
297 825 482 883 ἐσχάταις
515 827 667 883 ἔχοντες
710 827 928 876 ἀναπνοαῖς
966 829 1101 881 πεινῆν
1144 825 1339 881 ἐπεβόων,
1382 823 1483 880 πρὸς
1515 825 1638 882 μόνην
1672 826 1821 882 ταύτην

163 903 234 961 τὴν
265 904 558 962 ὀδυνηροτάτην
591 903 723 961 φωνὴν
749 905 948 955 εὐσθενεῖς
976 903 1287 959 καθιστάμενοι·
1324 905 1362 947 οἱ
1383 903 1423 947 δὲ
1449 901 1520 958 τὴν
1551 904 1713 960 πληθὺν
1742 908 1822 948 τῶν
1866 910 1889 949 9

165 982 357 1028 αἰτᾶντων
387 983 767 1040 καταπληττόμενοι,
803 982 892 1027 ὅσοι
915 987 995 1027 τῶν
1030 982 1315 1038 εὐπορωτέρων
1342 981 1478 1026 ἐδόκεν
1509 983 1621 1036 εἶναι,
1651 980 1752 1037 μετὰ
1774 982 1819 1027 τὸ

162 1062 285 1118 μυρία
317 1068 534 1117 παρασχεῖν
571 1062 626 1111 εἰς
660 1062 789 1117 ἀπηνῆ
824 1061 962 1105 λοιπὸν
996 1059 1062 1104 καὶ
1095 1059 1285 1118 ἄτεγκτον
1316 1059 1486 1116 ἐχώρουν
1525 1059 1726 1116 διάθεσιν,
1771 1059 1822 1104 τὰ

164 1138 271 1184 αὐτὰ
303 1146 388 1189 τοῖς
421 1141 570 1183 αἰτῦσιν
612 1138 706 1184 ὅσον
739 1137 823 1184 ἔπω
855 1137 923 1183 καὶ
966 1137 1081 1182 αὐτοὶ
1115 1139 1330 1183 πείσεσθαι
1364 1142 1685 1193 προσδοκῶντες,
1730 1138 1819 1182 ὥστ’

162 1216 235 1275 ἤδη
270 1215 374 1262 κατά
401 1218 525 1274 μέσας
549 1217 699 1274 ἀγοράς
727 1216 793 1261 καὶ
825 1217 1021 1267 στενωπὸς
1047 1214 1168 1273 νεκρά
1197 1216 1263 1262 καὶ
1286 1214 1411 1274 γυμνοὶ
1434 1216 1605 1272 σώματα
1635 1216 1691 1271 ἐφ’
1729 1216 1822 1271 ἡμέ-

164 1315 254 1353 ραις
272 1296 449 1340 πλείοσιν
466 1293 605 1351 ἀταφα
625 1294 875 1351 διερριμμένα
899 1297 1000 1339 θεάν
1017 1303 1101 1345 τοῖς
1120 1295 1265 1351 ὁρῶσιν
1285 1294 1544 1351 οἰκτροτάτην
1561 1296 1821 1350 παρέχεσθαι.

165 1373 237 1431 ἤδη
272 1375 317 1430 γε’
345 1392 409 1418 τοι
443 1372 509 1418 καὶ
545 1377 671 1417 κυνῶν
705 1373 806 1422 τινὲς
848 1373 1020 1430 ἐγίνοντο
1063 1374 1188 1431 βορά,
1233 1374 1278 1418 δι’
1312 1372 1359 1429 ἧν
1392 1373 1567 1429 μάλιστα
1611 1374 1743 1416 αἰτίαν
1785 1375 1892 1418 οἱ10

165 1454 307 1504 ζῶντες
341 1451 404 1497 ἐπὶ
429 1449 498 1508 τὴν
533 1451 790 1495 κυνοκτονίαν
824 1451 1060 1509 ἐτράποντο,
1096 1454 1170 1496 δέει
1200 1456 1244 1496 τῦ
1269 1450 1321 1508 μὴ
1352 1451 1628 1507 λυσσήσαντας
1658 1451 1822 1508 ἀνθρω-

163 1531 362 1588 ποφαγίαν
395 1529 661 1587 ἐργάσασθαι.
712 1530 781 1587 οὐχ
816 1529 958 1587 ἥκιστα
993 1529 1034 1573 δὲ
1068 1528 1135 1574 καὶ
1170 1530 1190 1574 ὁ
1228 1530 1365 1586 λοιμὸς
1397 1528 1552 1578 πάντας
1587 1528 1721 1578 οἴκους
1756 1527 1889 1574 καὶ11

164 1609 298 1666 γενεάς
333 1607 589 1667 ἐπεβόσκετο,
624 1608 800 1664 μάλιστα
830 1608 866 1651 δ’
905 1606 948 1657 ἒς
983 1608 1003 1651 ὁ
1037 1606 1150 1664 λιμός
1185 1608 1249 1652 διά
1292 1607 1338 1651 τὸ
1376 1607 1554 1662 εὐπορεῖν
1589 1611 1747 1662 τροφῶν
1780 1608 1824 1663 ἐχ

165 1687 251 1737 οἷός
281 1706 323 1731 τε
351 1684 398 1743 ἦν
431 1687 630 1742 ἐκτρίψαι.
683 1688 720 1729 οἱ
754 1685 782 1741 γ’
814 1683 859 1728 εἶν
889 1687 929 1729 ἐν
961 1687 1193 1742 περιεσίαις,
1225 1684 1411 1742 ἄρχοντες
1446 1683 1510 1728 καὶ
1545 1684 1725 1741 ἡγεμόνες
1757 1684 1822 1729 καὶ

163 1765 296 1822 μυρίοι
330 1767 409 1808 τῶν
449 1766 488 1808 ἐν
521 1766 644 1819 τέλει,
689 1763 821 1820 ὥσπερ
857 1763 1033 1820 ἐπίτηδες
1066 1767 1115 1819 τῇ
1149 1763 1335 1819 λοιμώδει
1378 1763 1479 1817 νόσῳ
1518 1761 1619 1820 πρὸς
1653 1768 1700 1807 τῦ
1735 1767 1824 1818 λιμέ

163 1844 530 1899 καταλελειμμένοι,
570 1842 700 1894 ὀξεῖαν
734 1840 801 1886 καὶ
837 1841 1042 1899 ὠκυτάτην
1076 1842 1264 1897 ὑπέμενον
1298 1840 1504 1897 τελευτήν·
1539 1840 1674 1885 πάντα
1705 1841 1741 1884 δ’
1780 1839 1825 1885 εἶν

165 1922 343 1977 οἰμωγῶν
361 1917 407 1976 ἦν
435 1919 630 1975 ἀνάπλεα,
666 1918 770 1964 κατὰ
793 1919 948 1970 πάντας
974 1939 1016 1964 τε
1049 1918 1257 1974 στενωπὸς,
1289 1918 1439 1976 ἀγοράς
1470 1938 1511 1963 τε
1539 1918 1604 1962 καὶ
1631 1920 1825 1969 πλατείας

164 1999 223 2044 εἶδ’
261 1996 310 2055 ἦν
343 1997 443 2042 ἄλλο
481 2017 518 2042 τι
553 2005 733 2054 θεωρεῖν,
769 1996 791 2054 ἢ
822 1998 970 2054 θρήνες
995 1996 1095 2052 μετά
1125 2002 1204 2042 τῶν
1228 1997 1413 2054 συνήθων
1447 1998 1584 2047 αὐτοῖς
1620 1998 1753 2041 αὐλῶν
1781 2016 1823 2042 τε

164 2076 230 2123 καὶ
265 2076 436 2122 κτύπων.
487 2080 632 2120 τοῦτον
661 2074 706 2131 δὴ
741 2074 809 2120 τὸν
843 2075 992 2132 τρόπον
1027 2076 1139 2121 δυσὶν
1173 2076 1311 2126 ὅπλοις
1347 2084 1431 2126 τοῖς
1463 2078 1893 2132 προδεδηλωμένοις12

167 2158 282 2211 λοιμὲ
312 2173 355 2199 τε
391 2153 465 2209 ὁμιῖ
496 2152 562 2197 καὶ
594 2157 686 2209 λιμιῖ
709 2153 955 2209 στρατεύσας
984 2154 1004 2197 ὁ
1028 2153 1223 2210 θάνατος,
1259 2154 1355 2204 ὅλας
1378 2156 1417 2198 ἐν
1442 2155 1558 2210 ὀλίγῳ
1583 2155 1716 2210 γενεὰς
1743 2156 1825 2198 ε’νε-

164 2232 288 2289 μήθη,
324 2231 378 2282 ῶς
411 2231 510 2287 ὀροῖν
544 2229 618 2287 ἤδη
650 2237 752 2275 δυεῖν
787 2230 853 2275 καὶ
887 2236 1006 2287 τριῶν
1030 2232 1197 2287 σώματα
1232 2237 1377 2288 νεκρῶν
1412 2232 1487 2276 ὑπὸ
1522 2233 1615 2287 μίαν
1649 2230 1826 2288 ἐκφορὰν

163 2308 494 2366 προκομιζόμενα.
552 2313 722 2353 τοιαῦτα
755 2312 825 2364 τῆς
847 2308 1045 2364 Μαξιμίνε
1073 2311 1337 2367 μεγαλαυχίας
1364 2308 1430 2353 καὶ
1457 2314 1535 2353 τῶν
1564 2309 1668 2354 κατὰ
1692 2310 1825 2360 πόλεις
1844 2318 1891 2358 13

165 2387 262 2432 καθ’
299 2387 408 2443 ἡμῶν
450 2386 720 2444 ψηφισμάτων
762 2387 971 2443 τάπίχειρα
1015 2385 1081 2443 ἦν,
1125 2387 1192 2432 ὅτε
1232 2387 1297 2433 καὶ
1341 2392 1408 2443 τῆς
1440 2391 1693 2444 Χριστιανῶν
1737 2386 1824 2443 περὶ

165 2465 297 2510 πάντα
331 2469 478 2520 σπεδῆς
511 2483 553 2509 τε
585 2464 651 2509 καὶ
687 2465 885 2522 εὐσεβείας
917 2469 1037 2509 πᾶσιν
1075 2467 1229 2511 ἔθνεσιν
1264 2466 1432 2522 διάδηλά
1468 2468 1637 2522 κατέστη
1671 2464 1723 2510 τά
1758 2485 1824 2510 τε-

168 2543 324 2600 κμήρια.
361 2542 475 2599 μόνοι
499 2546 562 2599 γῦν
589 2545 628 2587 ἐν
648 2542 862 2599 τηλικαύτῃ
887 2547 1022 2588 κακῶν
1043 2544 1272 2601 περιστάσει
1290 2543 1335 2588 τὸ
1364 2544 1574 2599 συμπαθὲς
1595 2542 1661 2588 καὶ
1682 2543 1824 2600 φιλάν-
1844 2550 1894 2590 14

166 2630 333 2678 θρωπον
367 2623 494 2678 ἔργοις
529 2620 666 2670 αὐτοῖς
696 2621 1011 2677 ἐπιδεικνύμενοι,
1048 2620 1114 2666 διὰ
1145 2622 1274 2678 πάσης
1308 2622 1454 2678 ἦμέρας
1490 2623 1527 2665 οἱ
1560 2621 1627 2676 μὲν
1663 2625 1710 2676 τῇ
1745 2626 1824 2665 τῶν

166 2697 421 2755 θνησκόντων
456 2697 667 2755 (μυριάδες
697 2699 730 2742 δ’
769 2696 882 2754 ἦσαν,
911 2699 969 2748 οἷς
993 2698 1073 2749 ὅτις
1105 2698 1151 2756 ἦν
1179 2701 1198 2743 ὁ
1231 2696 1578 2756 ἐπιμελησόμενος)
1615 2701 1749 2756 κηδείᾳ
1783 2719 1825 2743 τε

167 2775 232 2821 καὶ
267 2780 374 2834 ταφῇ
406 2778 737 2834 προσεκαρτέρεν,
772 2779 810 2820 οἱ
835 2776 876 2821 δὲ
905 2781 983 2821 τῶν
1011 2778 1087 2821 ἀνοὶ
1115 2782 1250 2823 πᾶσαν
1281 2776 1351 2833 τὴν
1383 2777 1496 2822 πόλιν
1531 2774 1630 2834 πρὸς
1661 2780 1709 2820 τιῖ
1733 2781 1824 2833 λιμιῖ

168 2857 520 2913 κατατρυχομένων
548 2854 620 2911 τὴν
653 2853 812 2912 πληθὺν
840 2854 916 2900 ὑπὸ
951 2856 1045 2912 μίαν
1079 2856 1249 2913 σύνοψιν
1280 2856 1560 2911 ἀθροίζοντες,
1590 2853 1711 2911 ἄρτος
1745 2857 1823 2899 διέ-

265 3043 298 3076 1.
324 3035 531 3074 ἔλασθεῖσαι
558 3039 601 3082 C',
627 3037 811 3074 ἐλαθεῒσαι
835 3038 873 3074 S.
904 3037 911 3084 Ι
948 3044 1003 3076 12.
1030 3040 1226 3075 πείθεσθαι
1252 3051 1279 3073 c.
1311 3038 1316 3083 Ι
1357 3045 1413 3077 25.
1444 3037 1558 3082 λοιμῷ
1584 3058 1625 3064 -
1655 3036 1750 3083 λιμῷ
1773 3038 1828 3082 df

169 3097 334 3141 probante
367 3097 428 3131 Va.
460 3097 464 3142 Ι
496 3103 550 3135 29.
577 3094 713 3142 πάντα]
740 3095 876 3132 πάντας
901 3110 919 3131 τ·
936 3098 981 3129 Va
994 3099 1032 3131 Z.
