2068 3342
215 123 268 165 12
634 119 805 163 EUSEB.
837 119 960 162 HIST.
989 118 1135 162 ECCL.
1185 119 1276 161 LIB.
1306 118 1335 171 1,
1367 117 1406 160 3.

210 248 342 292 πάντα
376 245 479 292 κατὰ
513 246 582 291 τὸν
615 243 737 289 τύπον
766 242 834 288 τόν
866 246 1070 300 δειχθέντα
1097 262 1159 288 σοι
1195 245 1233 286 ἐν
1263 246 1318 297 τῷ
1352 238 1461 297 ὄρει(ζ
1494 239 1752 298 παραδιδοὺς,
1784 240 1860 297 ἀρ-

207 327 337 382 χιερέα
371 328 493 379 θεοῦ,
533 324 584 372 ὡς
619 324 706 378 ε’νῆν
737 321 913 378 μάλιστα
945 320 1134 376 δυνατόν,
1173 320 1386 377 ἄνθρωπον
1417 320 1674 376 ἐπιφημίσας,
1716 324 1860 364 τοῦτον

209 404 386 460 Χριστὸν
431 401 669 457 ἀναγορεύει.
726 399 791 443 καὶ
835 401 958 456 ταύτῃ
996 419 1035 456 γε
1078 404 1123 455 τῇ
1165 399 1269 442 κατὰ
1315 397 1385 453 τὴν
1425 396 1708 454 ἀρχιερωσύνην
1753 398 1859 454 ἀξίᾳ,

209 485 340 525 πᾶσαν
374 478 672 537 ὑπερβαλλούσῃ
705 478 795 533 παρ’
833 478 943 532 αὐτῷ
978 476 1047 533 τὴν
1080 480 1119 521 ἐν
1153 475 1383 534 ἀνθρώποις
1413 476 1648 531 προεδρίαν,
1677 474 1738 519 ἐπὶ
1770 479 1861 532 τιμῇ

210 558 274 603 καὶ
311 559 402 613 δόξῃ
434 556 479 601 τὸ
515 561 586 600 τοῦ
612 559 793 612 Χριστοῦ
826 557 1074 612 περιτίθησιν
1109 554 1245 611 ὄνομα.
1303 553 1431 602 οὕτως
1464 551 1544 608 ἄρα
1579 552 1649 596 τὸν
1681 551 1859 609 Χριστὸν

172 635 324 680 3θεῖόν
356 655 393 679 τι
425 638 553 691 χρῆμα
582 634 788 690 ἠπίστατο.
851 633 870 675 ὁ
909 634 945 677 δ’
985 631 1105 682 αὐτὸς
1139 631 1203 676 καὶ
1238 634 1309 687 την
1342 635 1413 675 τοῦ
1439 631 1567 688 Ἰησοῦ
1598 630 1860 688 προςηγορίαν

210 711 251 756 εὖ
288 712 399 767 μα’λα
433 711 621 767 πνεύματι
657 713 756 765 θείῳ
793 710 966 767 προϊδών
998 711 1117 755 πάλιν
1150 710 1256 759 τινὸς
1289 710 1491 764 ἐξαιρέτου
1535 708 1752 764 προνομίας
1796 705 1862 753 καὶ

209 789 356 845 ταύτην
389 790 503 842 ἀξιοῖ.
568 788 714 834 ούποτε
747 793 840 845 γοῦν
874 789 1067 846 πρότερον
1101 788 1328 844 ἐκφωνηθὲν
1361 789 1413 836 εἰς
1441 786 1682 842 ἀνθρώπους
1713 785 1804 843 πρὶν
1839 783 1862 842 ἢ

210 870 385 912 Μωῦσεά
414 871 638 924 γνωσθῆναι
673 869 718 911 τὸ
754 872 824 911 τοῦ
854 869 982 924 Ἰησοῦ
1011 867 1215 923 πρόςρημα
1245 864 1373 919 τούτῳ
1411 869 1586 921 Μωϋσῆς
1618 862 1764 920 πρώτῳ
1798 862 1863 907 καὶ

208 945 314 1001 μόνῳ
347 946 617 1001 περιτίθησιν,
660 944 703 988 ὂν
738 944 842 989 κατὰ
873 946 996 990 τύπον
1032 944 1152 994 αὖθις
1190 943 1254 988 καὶ
1299 943 1497 1000 σύμβολον
1529 944 1620 999 ἔγνω
1657 941 1757 997 μετοὶ
1793 939 1864 997 τὴν

171 1034 192 1070 4
215 1025 337 1067 αὐτοῦ
362 1021 544 1078 τελευτὴν
572 1023 843 1078 διαδεξόμενον
874 1023 943 1079 τὴν
973 1024 1075 1067 κατὰ
1106 1022 1265 1066 πάντων
1290 1020 1422 1078 ἀρχήν.
1477 1021 1522 1064 οὐ
1550 1019 1744 1076 πρότερον
1772 1024 1866 1076 γοῦν

210 1100 278 1145 τόν
313 1102 437 1145 αὐτοῦ
473 1100 655 1156 διάδοχον
690 1106 735 1156 τῇ
778 1105 848 1144 τοῦ
879 1102 1006 1157 Ἰησοῦ
1049 1102 1277 1156 κεχρημένον
1321 1099 1585 1155 προςηγορίᾳ,
1626 1097 1791 1154 ὀνόματι
1825 1098 1866 1142 δὲ

211 1181 330 1234 ἑτέρῳ
362 1183 417 1232 τῷ
439 1180 571 1234 Λύσῇ,
607 1179 701 1234 ὅπερ
736 1180 773 1221 οἱ
808 1179 1058 1234 γεννήσαντες
1094 1178 1203 1231 αὐτῷ
1238 1179 1447 1231 τέθεινται,
1483 1175 1717 1231 καλύμενον,
1742 1175 1866 1231 ’[ησῦν

211 1255 333 1305 αὐτὸς
376 1256 624 1312 ἀναγορεύει,
672 1258 786 1312 γε’ρας
821 1256 950 1311 ὥσπερ
986 1258 1112 1311 τίμιον
1146 1253 1297 1304 παντός
1341 1255 1441 1298 πολὺ
1486 1255 1618 1310 μεῖζον
1661 1254 1866 1310 βασιλικοῦ

211 1334 452 1390 διαδήματος
485 1332 660 1387 τοῦνομα
696 1334 802 1387 αὐτῷ
838 1333 1105 1390 δωρούμενος,
1142 1332 1203 1376 ὅτι
1237 1330 1282 1387 δὴ
1319 1330 1384 1375 καὶ
1420 1331 1603 1381 αὐτὸς’ὁ
1640 1333 1711 1374 τοῦ
1745 1333 1866 1385 Ναυῆ

207 1413 358 1469 Ἰησοῦς
393 1416 465 1456 τοῦ
501 1415 677 1466 σωτῆρος
709 1410 815 1466 ἡμῶν
851 1409 920 1466 τὴν
955 1410 1084 1454 εἰκόνα
1116 1412 1251 1466 ἔφερε,
1294 1412 1365 1452 τοῦ
1399 1408 1520 1463 μόνου
1556 1405 1658 1462 μετὰ
1693 1408 1869 1451 Μωῦσεά

211 1489 276 1533 καὶ
309 1488 357 1533 ‘co'
395 1490 654 1544 συμπέρασμα
689 1493 759 1544 τῆς
792 1489 836 1532 δι’
872 1490 1019 1532 ἐκείνου
1062 1488 1362 1544 παραδοθείσης
1397 1488 1637 1543 συμβολικῆς
1670 1485 1868 1541 λατρείας,

174 1571 281 1623 5τῆς
320 1568 500 1623 ἀληθοῦς
534 1565 599 1609 καὶ
636 1565 930 1622 καθαρωτάτης
965 1566 1162 1624 εὐσεβείας
1198 1566 1270 1621 την
1305 1562 1423 1620 ἀρχὴν
1459 1563 1747 1618 διαδεξαμένου.
1802 1560 1868 1605 καὶ

213 1649 391 1699 Μωῦσῆς
420 1643 489 1699 μὲν
510 1644 634 1699 ταύτῃ
665 1664 716 1700 πη
745 1643 828 1688 δυσὶ
858 1652 941 1693 τοῖς
964 1644 1047 1687 κατ’
1075 1642 1194 1687 αὐτὸν
1227 1644 1347 1696 ἀρετῇ
1369 1639 1435 1684 καὶ
1468 1639 1560 1694 δόξῃ
1594 1639 1704 1695 παρὰ
1735 1638 1868 1683 πάντα

212 1720 280 1765 τὸν
314 1720 408 1765 λαὸν
442 1722 706 1776 προφέρουσιν
742 1721 996 1776 ἀνθρώποις,
1039 1726 1093 1775 τῷ
1127 1721 1196 1776 μὲν
1231 1721 1418 1775 ἀρχιερεῖ,
1462 1721 1516 1771 τῷ
1552 1716 1593 1761 δὲ
1625 1716 1704 1773 μετ’
1743 1717 1867 1762 αὐτὸν

214 1799 448 1854 ἡγησομένῳ,
478 1797 548 1854 την
575 1803 650 1842 τοῦ
679 1803 856 1855 σωτῆρος
890 1799 996 1854 ἡμῶν
1024 1798 1155 1855 Ἰησοῦ
1184 1800 1366 1852 Χριστοῦ
1399 1796 1660 1852 προςηγορίαν
1682 1793 1744 1840 ἐπὶ
1777 1799 1870 1850 τιμῇ

175 1881 262 1931 ὃτῇ
290 1878 448 1933 μεγίστῃ
484 1878 763 1932 περιτέθειται.
826 1881 964 1931 σαφῶς
999 1875 1039 1919 δὲ
1073 1875 1137 1920 καὶ
1173 1877 1210 1919 οἱ
1242 1874 1341 1930 μετα
1375 1878 1506 1917 ταῦτα
1540 1876 1742 1929 προφῆται
1777 1873 1870 1916 ὀνο-

211 1953 331 2010 μαστὶ
366 1953 434 1998 τὸν
466 1951 643 2008 Χριστὸν
672 1958 1042 2010 προαναφωνοῦσιν,
1077 1953 1176 2008 ὁμοῦ
1221 1951 1290 2008 τὴν
1328 1953 1551 2007 μέλλουσαν
1587 1952 1748 1995 ἔσεσθαι
1784 1950 1867 1995 κατ’

214 2033 338 2076 αὐτοῦ
363 2029 553 2087 συσκευην
577 2035 647 2075 τοῦ
677 2032 876 2076 Ἰουδαίων
898 2036 1011 2086 λαοῦ,
1044 2032 1142 2087 ὁμοῦ
1170 2030 1210 2075 δὲ
1234 2028 1299 2074 καὶ
1323 2027 1392 2085 τὴν
1417 2033 1496 2073 τῶν
1517 2031 1644 2073 ἐθνῶν
1671 2028 1714 2072 δι’
1742 2029 1869 2073 αὐτοῦ

213 2113 347 2166 κλῆσιν
380 2109 769 2166 προμαρτυρόμενοι,
814 2109 905 2153 τοτὲ
938 2108 1008 2163 μὲν
1041 2106 1119 2153 ὧδέ
1150 2108 1450 2164 πως-’Ἱερεμίας
1484 2109 1625 2163 λέγων·
1678 2142 1703 2162 ,,
1717 2111 1869 2163 πνεῦμα

213 2187 290 2243 πρὸ
326 2186 538 2241 προςώπου
570 2186 677 2242 ἡμῶν
698 2188 876 2242 Χριστὸς
905 2187 1040 2242 κύριος
1072 2186 1298 2242 συνελήφθη
1330 2187 1370 2229 ἐν
1397 2192 1485 2234 ταῖς
1518 2190 1762 2242 διαφθοραῖς
1794 2185 1870 2229 αὗ-

214 2269 305 2320 τῶν,
337 2262 383 2308 οῦ
413 2264 575 2320 εἰπαμεν
609 2266 647 2307 ἔν
677 2268 724 2320 τῇ
758 2268 849 2322 σκιᾷ
884 2265 1007 2308 αὐτοῦ
1043 2263 1248 2319 ζησόμεθα
1282 2264 1322 2306 ἐν
1364 2270 1447 2312 τοῖς·
1480 2264 1612 2307 ἔθνεσι
1625 2259 1666 2318 ,“
1709 2262 1800 2306 τοτὲ
1829 2261 1870 2306 δὲ

216 2343 422 2399 ἀμηχανῶν
444 2341 586 2399 Δαβῖδ,
622 2342 686 2386 διοὶ
722 2341 890 2386 τούτων’
927 2341 1018 2396 ,,ἵνα
1051 2342 1093 2384 τί
1111 2340 1311 2397 ἐφρύαξαν
1340 2342 1434 2396 ἔθνη
1466 2339 1531 2385 καὶ
1565 2338 1654 2383 λαοὶ
1688 2340 1870 2395 ἐμελέτη-

217 2438 292 2465 σαν
325 2419 440 2470 κενάς
471 2420 722 2475 παρέστησαν
756 2422 793 2463 οἰ
823 2424 996 2476 βασιλεῖς
1028 2423 1099 2474 τῆς
1118 2423 1197 2475 γῆς,
1233 2417 1298 2463 καὶ
1328 2420 1366 2462 οἱ
1401 2416 1589 2474 ἄρχοντες
1622 2415 1871 2489 συνήχθησαν

217 2498 279 2542 ἐπὶ
312 2495 358 2541 τό
386 2495 498 2551 αὐτὸ,
532 2495 636 2540 κατὰ
669 2501 740 2541 τοῦ
774 2497 910 2552 κυρίου
937 2495 1003 2540 καὶ
1038 2496 1143 2540 κατα
1173 2500 1248 2539 τοῦ
1271 2500 1452 2553 Χριστοῦ
1483 2491 1647 2539 αῦτοῦ.“
1695 2494 1754 2544 οἷς
1783 2496 1871 2550 ἑξῆς

218 2577 379 2631 ἐπιλέγει
404 2576 445 2626 ἐξ
475 2574 600 2618 αὐτοῦ
631 2572 675 2630 δὴ
706 2573 916 2631 προςώπου
942 2577 1014 2617 τοῦ
1031 2578 1231 2630 Χριστοῦ·
1269 2573 1431 2630 ,,κύριος
1456 2574 1538 2616 εἶπε
1567 2570 1668 2628 πρός
1699 2591 1761 2628 με,
1786 2571 1870 2621 υἱός

313 2760 344 2792 1.
371 2751 586 2798 παραδιδούς
610 2752 938 2797 csikNVSaBH‚
974 2750 1152 2797 παραὸοιῖς
1181 2753 1329 2796 aegyhS.
1362 2752 1367 2797 Ι
1406 2759 1439 2790 2.
1466 2749 1573 2797 θεοῦ]
1598 2749 1662 2785 τοῦ
1686 2748 1776 2785 θεοῦ
1795 2752 1828 2786 Ῐι.
1858 2751 1865 2794 Ι

220 2818 252 2849 9.
285 2812 488 2856 γνωσθῆναι
514 2812 981 2856 acdefyhikSVSaHB‚
1013 2810 1256 2855 γνωρισθῆναι
1289 2812 1426 2855 bfopt.
1469 2811 1474 2854 Ι
1513 2817 1568 2847 11.
1600 2806 1869 2854 διαδεξόμενον]

220 2867 473 2914 διαδεξάμενον
498 2872 583 2906 ehS.
616 2871 620 2915 Ι
660 2868 762 2916 γοῦν]
791 2867 821 2903 δ’
847 2864 906 2903 οὖν
933 2871 1056 2905 aehS.
1095 2871 1099 2915 Ι
1141 2876 1196 2907 13.
1224 2867 1329 2916 Αύοῇ
1354 2869 1705 2913 acefvSVSaHB‚
1730 2866 1816 2916 Αύῇ
1839 2869 1871 2910 h,

221 2928 325 2976 Ναιιῇ
348 2930 399 2971 ilo,
419 2928 545 2976 Navofi
564 2941 641 2971 qm.
666 2932 669 2973 Ι
696 2929 896 2973 τέθεινται]
919 2931 997 2963 fort.
1024 2931 1198 2963 τέθειντο.
1219 2930 1223 2972 Ι
1254 2935 1310 2965 21.
1336 2927 1438 2973 ἡμῶν
1458 2940 1524 2962 om.
1543 2928 1575 2961 k.
1601 2927 1606 2974 Ι
1637 2934 1694 2965 23.
1710 2940 1871 2971 προανα-

220 2985 375 3030 φωνὲσιν
401 2987 708 3030 bedthSaHR‚
732 2984 982 3032 npoaveqw'ssvv
1006 2988 1154 3032 aeyi(a
1171 2999 1239 3022 sec.
1259 2988 1319 3032 m.)
1334 2989 1424 3023 kos.
1447 2987 1451 3032 Ι
1482 2992 1538 3024 25.
1563 2985 1672 3032 λέγων
1688 2986 1870 3019 ——Threlh

222 3050 254 3087 4,
271 3050 326 3082 20.
351 3044 356 3090 1
389 3050 444 3083 28.
471 3043 579 3092 δαβὶὸ
603 3066 645 3072 -
671 3048 729 3080 Ps.
757 3052 789 3088 2,
815 3052 847 3083 1.

1890 950 1933 982 10

1892 1339 1936 1372 15

1894 1729 1938 1760 20

1895 2117 1938 2150 25

1896 2509 1940 2542 30
