<?xml version="1.0" encoding="UTF-8"?>
<!DOCTYPE html PUBLIC "-//W3C//DTD XHTML 1.0 Transitional//EN"
    "http://www.w3.org/TR/xhtml1/DTD/xhtml1-transitional.dtd">
<html xmlns="http://www.w3.org/1999/xhtml" xml:lang="en" lang="en">
 <head>
  <title>
</title>
<meta http-equiv="Content-Type" content="text/html;charset=utf-8" />
  <meta name='ocr-system' content='tesseract 3.04.00' />
  <meta name='ocr-capabilities' content='ocr_page ocr_carea ocr_par ocr_line ocrx_word'/>
</head>
<body>
  <div class='ocr_page' id='page_1' title='image "./historiaeecclesi00euseuoft_0250.png"; bbox 0 0 2068 3342; ppageno 0'>
   <div class='ocr_carea' id='block_1_1' title="bbox 235 106 1475 160">
    <p class='ocr_par' dir='ltr' id='par_1_1' title="bbox 235 106 1475 160">
     <span class='ocr_line' id='line_1_1' title="bbox 235 106 1475 160; baseline -0.003 -8"><span class='ocrx_word' id='word_1_1' title='bbox 235 110 319 153; x_wconf 88' lang='grc'><strong><em>236</em></strong></span> <span class='ocrx_word' id='word_1_2' title='bbox 637 108 811 150; x_wconf 92' lang='lat' dir='ltr'>EUSEB.</span> <span class='ocrx_word' id='word_1_3' title='bbox 841 107 965 150; x_wconf 86' lang='lat' dir='ltr'><strong>HIST.</strong></span> <span class='ocrx_word' id='word_1_4' title='bbox 995 107 1140 149; x_wconf 91' lang='lat' dir='ltr'>ECCL.</span> <span class='ocrx_word' id='word_1_5' title='bbox 1192 108 1283 149; x_wconf 86' lang='lat' dir='ltr'><strong>LIB.</strong></span> <span class='ocrx_word' id='word_1_6' title='bbox 1313 107 1383 160; x_wconf 82' lang='lat' dir='ltr'><strong><em>Vl,</em></strong></span> <span class='ocrx_word' id='word_1_7' title='bbox 1405 106 1475 149; x_wconf 90' lang='lat'><strong><em>41.</em></strong></span> 
     </span>
    </p>
   </div>
   <div class='ocr_carea' id='block_1_2' title="bbox 230 229 1958 2463">
    <p class='ocr_par' dir='ltr' id='par_1_2' title="bbox 230 229 1958 2463">
     <span class='ocr_line' id='line_1_2' title="bbox 235 229 1880 290; baseline -0.001 -11"><span class='ocrx_word' id='word_1_8' title='bbox 235 237 387 290; x_wconf 81' lang='grc' dir='ltr'><strong><em>ἱστορεῖ</em></strong></span> <span class='ocrx_word' id='word_1_9' title='bbox 414 230 482 277; x_wconf 84' lang='grc' dir='ltr'><strong><em>τὸν</em></strong></span> <span class='ocrx_word' id='word_1_10' title='bbox 516 230 685 287; x_wconf 85' lang='grc' dir='ltr'><strong><em>τρόπον·</em></strong></span> <span class='ocrx_word' id='word_1_11' title='bbox 722 231 795 286; x_wconf 58' lang='lat' dir='ltr'><strong><em>„flu</em></strong></span> <span class='ocrx_word' id='word_1_12' title='bbox 825 231 903 274; x_wconf 77' lang='grc' dir='ltr'><strong><em>ἀπὸ</em></strong></span> <span class='ocrx_word' id='word_1_13' title='bbox 938 235 984 275; x_wconf 72' lang='grc' dir='ltr'><strong><em>τῦ</em></strong></span> <span class='ocrx_word' id='word_1_14' title='bbox 1012 234 1193 289; x_wconf 73' lang='grc' dir='ltr'><strong><em>βασιλικέ</em></strong></span> <span class='ocrx_word' id='word_1_15' title='bbox 1219 229 1527 287; x_wconf 83' lang='grc' dir='ltr'><strong><em>προστάγματος</em></strong></span> <span class='ocrx_word' id='word_1_16' title='bbox 1553 230 1573 275; x_wconf 90' lang='grc' dir='ltr'>ὁ</span> <span class='ocrx_word' id='word_1_17' title='bbox 1597 229 1765 288; x_wconf 76' lang='grc' dir='ltr'>διωγμὸς</span> <span class='ocrx_word' id='word_1_18' title='bbox 1790 232 1880 290; x_wconf 83' lang='grc' dir='ltr'><strong><em>παρ’</em></strong></span> 
     </span>
     <span class='ocr_line' id='line_1_3' title="bbox 234 306 1885 367; baseline 0.001 -13"><span class='ocrx_word' id='word_1_19' title='bbox 234 346 259 364; x_wconf 92' lang='grc'><strong><em>,,</em></strong></span> <span class='ocrx_word' id='word_1_20' title='bbox 273 312 360 367; x_wconf 81' lang='grc' dir='ltr'><strong><em>ἡμῖν</em></strong></span> <span class='ocrx_word' id='word_1_21' title='bbox 393 309 555 366; x_wconf 79' lang='grc' dir='ltr'><strong><em>ἤρξατο,</em></strong></span> <span class='ocrx_word' id='word_1_22' title='bbox 588 309 690 352; x_wconf 72' lang='grc' dir='ltr'><strong><em>ἀλλὰ</em></strong></span> <span class='ocrx_word' id='word_1_23' title='bbox 726 306 801 364; x_wconf 77' lang='grc' dir='ltr'><strong><em>γάρ</em></strong></span> <span class='ocrx_word' id='word_1_24' title='bbox 836 307 929 352; x_wconf 85' lang='grc' dir='ltr'><strong><em>ὅλον</em></strong></span> <span class='ocrx_word' id='word_1_25' title='bbox 964 307 1141 352; x_wconf 85' lang='grc' dir='ltr'><strong><em>ἐνιαυτὸν</em></strong></span> <span class='ocrx_word' id='word_1_26' title='bbox 1174 306 1361 366; x_wconf 67' lang='grc' dir='ltr'><strong><em>πρὶίλαβε,</em></strong></span> <span class='ocrx_word' id='word_1_27' title='bbox 1397 307 1462 352; x_wconf 82' lang='grc' dir='ltr'><strong><em>καὶ</em></strong></span> <span class='ocrx_word' id='word_1_28' title='bbox 1497 307 1665 365; x_wconf 78' lang='grc' dir='ltr'><em>φθάσας</em></span> <span class='ocrx_word' id='word_1_29' title='bbox 1699 310 1719 354; x_wconf 89' lang='grc' dir='ltr'><strong><em>ὁ</em></strong></span> <span class='ocrx_word' id='word_1_30' title='bbox 1753 314 1885 355; x_wconf 85' lang='grc' dir='ltr'><strong><em>κακῶν</em></strong></span> 
     </span>
     <span class='ocr_line' id='line_1_4' title="bbox 233 383 1883 445; baseline 0 -13"><span class='ocrx_word' id='word_1_31' title='bbox 233 422 259 442; x_wconf 90' lang='grc'><strong><em>,,</em></strong></span> <span class='ocrx_word' id='word_1_32' title='bbox 274 393 320 444; x_wconf 85' lang='grc' dir='ltr'><strong><em>τῇ</em></strong></span> <span class='ocrx_word' id='word_1_33' title='bbox 339 389 450 432; x_wconf 90' lang='grc' dir='ltr'><strong><em>πόλει</em></strong></span> <span class='ocrx_word' id='word_1_34' title='bbox 478 386 601 442; x_wconf 75' lang='grc' dir='ltr'><strong><em>ταύτῃ</em></strong></span> <span class='ocrx_word' id='word_1_35' title='bbox 628 387 768 442; x_wconf 85' lang='grc' dir='ltr'><strong><em>μάντις</em></strong></span> <span class='ocrx_word' id='word_1_36' title='bbox 792 385 857 430; x_wconf 77' lang='grc' dir='ltr'><strong><em>καὶ</em></strong></span> <span class='ocrx_word' id='word_1_37' title='bbox 887 386 1067 442; x_wconf 74' lang='grc' dir='ltr'><strong><em>ποιητὴς,</em></strong></span> <span class='ocrx_word' id='word_1_38' title='bbox 1091 385 1199 435; x_wconf 85' lang='grc' dir='ltr'><strong><em>ὅστις</em></strong></span> <span class='ocrx_word' id='word_1_39' title='bbox 1217 388 1363 435; x_wconf 86' lang='grc' dir='ltr'><strong><em>ἐκεῖνος</em></strong></span> <span class='ocrx_word' id='word_1_40' title='bbox 1383 383 1442 441; x_wconf 75' lang='grc' dir='ltr'><strong><em>ἦν,</em></strong></span> <span class='ocrx_word' id='word_1_41' title='bbox 1462 387 1611 442; x_wconf 81' lang='grc' dir='ltr'><strong><em>ἐκίνησε</em></strong></span> <span class='ocrx_word' id='word_1_42' title='bbox 1633 385 1699 431; x_wconf 75' lang='grc' dir='ltr'><strong><em>καὶ</em></strong></span> <span class='ocrx_word' id='word_1_43' title='bbox 1717 388 1883 445; x_wconf 79' lang='grc' dir='ltr'><strong><em>παρώρ-</em></strong></span> 
     </span>
     <span class='ocr_line' id='line_1_5' title="bbox 233 461 1885 522; baseline 0 -12"><span class='ocrx_word' id='word_1_44' title='bbox 233 485 367 522; x_wconf 86' lang='grc' dir='ltr'><strong><em>,,μησε</em></strong></span> <span class='ocrx_word' id='word_1_45' title='bbox 404 466 494 509; x_wconf 78' lang='grc' dir='ltr'><strong><em>καθ’</em></strong></span> <span class='ocrx_word' id='word_1_46' title='bbox 527 465 636 521; x_wconf 79' lang='grc' dir='ltr'><strong><em>ἡμῶν</em></strong></span> <span class='ocrx_word' id='word_1_47' title='bbox 670 463 721 508; x_wconf 76' lang='grc' dir='ltr'><strong><em>τὰ</em></strong></span> <span class='ocrx_word' id='word_1_48' title='bbox 754 464 888 521; x_wconf 82' lang='grc' dir='ltr'><strong><em>πλήθη</em></strong></span> <span class='ocrx_word' id='word_1_49' title='bbox 919 468 997 508; x_wconf 88' lang='grc' dir='ltr'><strong><em>τῶν</em></strong></span> <span class='ocrx_word' id='word_1_50' title='bbox 1031 466 1170 517; x_wconf 80' lang='grc' dir='ltr'><strong><em>ἐθνῶν,</em></strong></span> <span class='ocrx_word' id='word_1_51' title='bbox 1207 466 1260 513; x_wconf 84' lang='grc' dir='ltr'><strong><em>εἰς</em></strong></span> <span class='ocrx_word' id='word_1_52' title='bbox 1285 461 1354 518; x_wconf 83' lang='grc' dir='ltr'><strong><em>τὴν</em></strong></span> <span class='ocrx_word' id='word_1_53' title='bbox 1380 463 1585 520; x_wconf 80' lang='grc' dir='ltr'><strong><em>ἐπιχώριον</em></strong></span> <span class='ocrx_word' id='word_1_54' title='bbox 1613 463 1731 514; x_wconf 65' lang='grc' dir='ltr'><strong><em>αὐτὸς</em></strong></span> <span class='ocrx_word' id='word_1_55' title='bbox 1764 471 1885 510; x_wconf 86' lang='grc' dir='ltr'><strong><em>δεισι-</em></strong></span> 
     </span>
     <span class='ocr_line' id='line_1_6' title="bbox 233 539 1953 599; baseline 0.001 -12"><span class='ocrx_word' id='word_1_56' title='bbox 233 545 476 599; x_wconf 85' lang='grc' dir='ltr'><strong><em>,,δαιμονιάν</em></strong></span> <span class='ocrx_word' id='word_1_57' title='bbox 513 543 786 599; x_wconf 73' lang='grc' dir='ltr'><strong><em>ἀναρριπίσας.</em></strong></span> <span class='ocrx_word' id='word_1_58' title='bbox 842 543 879 586; x_wconf 88' lang='grc' dir='ltr'><strong><em>οἱ</em></strong></span> <span class='ocrx_word' id='word_1_59' title='bbox 912 542 952 585; x_wconf 78' lang='grc' dir='ltr'><strong><em>δὲ</em></strong></span> <span class='ocrx_word' id='word_1_60' title='bbox 987 542 1263 597; x_wconf 76' lang='grc' dir='ltr'><strong><em>ἐρεθισθέντες</em></strong></span> <span class='ocrx_word' id='word_1_61' title='bbox 1298 539 1357 584; x_wconf 77' lang='grc' dir='ltr'><strong><em>ὑπ’</em></strong></span> <span class='ocrx_word' id='word_1_62' title='bbox 1396 541 1506 596; x_wconf 70' lang='grc' dir='ltr'><strong><em>αὐτέ,</em></strong></span> <span class='ocrx_word' id='word_1_63' title='bbox 1540 539 1605 585; x_wconf 75' lang='grc' dir='ltr'><strong><em>καὶ</em></strong></span> <span class='ocrx_word' id='word_1_64' title='bbox 1640 541 1770 599; x_wconf 82' lang='grc' dir='ltr'><strong><em>πάσης</em></strong></span> <span class='ocrx_word' id='word_1_65' title='bbox 1795 545 1883 595; x_wconf 77' lang='grc' dir='ltr'><strong><em>ἐξε-</em></strong></span> <span class='ocrx_word' id='word_1_66' title='bbox 1933 557 1953 590; x_wconf 87' lang='grc'>5</span> 
     </span>
     <span class='ocr_line' id='line_1_7' title="bbox 232 618 1885 678; baseline -0.001 -12"><span class='ocrx_word' id='word_1_67' title='bbox 232 623 360 675; x_wconf 72' lang='lat' dir='ltr'><em>„alac</em></span> <span class='ocrx_word' id='word_1_68' title='bbox 387 624 440 671; x_wconf 84' lang='grc' dir='ltr'><strong><em>εἰς</em></strong></span> <span class='ocrx_word' id='word_1_69' title='bbox 463 621 713 677; x_wconf 74' lang='grc' dir='ltr'><strong><em>ἀνοσιεργιάν</em></strong></span> <span class='ocrx_word' id='word_1_70' title='bbox 744 619 965 678; x_wconf 78' lang='grc' dir='ltr'><strong><em>λαβόμενοι,</em></strong></span> <span class='ocrx_word' id='word_1_71' title='bbox 993 619 1112 674; x_wconf 88' lang='grc' dir='ltr'><strong><em>μόνην</em></strong></span> <span class='ocrx_word' id='word_1_72' title='bbox 1139 618 1338 676; x_wconf 75' lang='grc' dir='ltr'><strong><em>εὐσέβειαν</em></strong></span> <span class='ocrx_word' id='word_1_73' title='bbox 1363 618 1433 674; x_wconf 74' lang='grc' dir='ltr'><strong><em>τήν</em></strong></span> <span class='ocrx_word' id='word_1_74' title='bbox 1459 619 1678 676; x_wconf 82' lang='grc' dir='ltr'><strong><em>θρησκείαν</em></strong></span> <span class='ocrx_word' id='word_1_75' title='bbox 1697 623 1776 663; x_wconf 90' lang='grc' dir='ltr'><strong><em>τῶν</em></strong></span> <span class='ocrx_word' id='word_1_76' title='bbox 1795 626 1885 664; x_wconf 87' lang='grc' dir='ltr'><strong><em>δαι-</em></strong></span> 
     </span>
     <span class='ocr_line' id='line_1_8' title="bbox 232 693 1887 755; baseline -0.001 -12"><span class='ocrx_word' id='word_1_77' title='bbox 232 733 257 753; x_wconf 87' lang='grc'><strong><em>,,</em></strong></span> <span class='ocrx_word' id='word_1_78' title='bbox 270 699 400 755; x_wconf 88' lang='grc' dir='ltr'><strong><em>μόνων</em></strong></span> <span class='ocrx_word' id='word_1_79' title='bbox 427 698 573 753; x_wconf 85' lang='grc' dir='ltr'><strong><em>ταύτην</em></strong></span> <span class='ocrx_word' id='word_1_80' title='bbox 597 698 807 754; x_wconf 76' lang='grc' dir='ltr'><strong><em>ὑπέλαβον,</em></strong></span> <span class='ocrx_word' id='word_1_81' title='bbox 836 698 880 741; x_wconf 86' lang='grc' dir='ltr'><strong><em>τὸ</em></strong></span> <span class='ocrx_word' id='word_1_82' title='bbox 909 698 998 741; x_wconf 82' lang='grc' dir='ltr'><strong><em>καθ’</em></strong></span> <span class='ocrx_word' id='word_1_83' title='bbox 1029 696 1135 752; x_wconf 85' lang='grc' dir='ltr'><strong><em>ἡμῶν</em></strong></span> <span class='ocrx_word' id='word_1_84' title='bbox 1157 700 1295 751; x_wconf 82' lang='grc' dir='ltr'><strong><em>φονᾶν.</em></strong></span> <span class='ocrx_word' id='word_1_85' title='bbox 1331 699 1490 752; x_wconf 88' lang='grc' dir='ltr'><strong><em>πρῶτον</em></strong></span> <span class='ocrx_word' id='word_1_86' title='bbox 1509 696 1579 751; x_wconf 82' lang='grc' dir='ltr'><strong><em>μὲν</em></strong></span> <span class='ocrx_word' id='word_1_87' title='bbox 1600 693 1641 740; x_wconf 67' lang='grc' dir='ltr'><strong><em>ἶςν</em></strong></span> <span class='ocrx_word' id='word_1_88' title='bbox 1665 697 1887 754; x_wconf 78' lang='grc' dir='ltr'><strong><em>πρεσβύτην</em></strong></span> 
     </span>
     <span class='ocr_line' id='line_1_9' title="bbox 231 770 1885 833; baseline -0.001 -12"><span class='ocrx_word' id='word_1_89' title='bbox 231 781 441 833; x_wconf 80' lang='grc' dir='ltr'><strong><em>,,Μητρᾶν</em></strong></span> <span class='ocrx_word' id='word_1_90' title='bbox 475 775 638 831; x_wconf 88' lang='grc' dir='ltr'><strong><em>ὀνόματι</em></strong></span> <span class='ocrx_word' id='word_1_91' title='bbox 674 770 1012 831; x_wconf 78' lang='grc' dir='ltr'><strong><em>συναρπάσαντες,</em></strong></span> <span class='ocrx_word' id='word_1_92' title='bbox 1047 772 1112 817; x_wconf 71' lang='grc' dir='ltr'><strong><em>καὶ</em></strong></span> <span class='ocrx_word' id='word_1_93' title='bbox 1143 773 1398 821; x_wconf 71' lang='grc' dir='ltr'><strong><em>κελεύσαντες</em></strong></span> <span class='ocrx_word' id='word_1_94' title='bbox 1425 771 1532 816; x_wconf 75' lang='grc' dir='ltr'><strong><em>ἄθεα</em></strong></span> <span class='ocrx_word' id='word_1_95' title='bbox 1566 774 1685 830; x_wconf 80' lang='grc' dir='ltr'><strong><em>λέγειν</em></strong></span> <span class='ocrx_word' id='word_1_96' title='bbox 1714 774 1885 831; x_wconf 84' lang='grc' dir='ltr'><strong><em>ῥήματα,</em></strong></span> 
     </span>
     <span class='ocr_line' id='line_1_10' title="bbox 231 848 1884 910; baseline -0.001 -12"><span class='ocrx_word' id='word_1_97' title='bbox 231 853 321 910; x_wconf 72' lang='grc' dir='ltr'><strong><em>,,μὴ</em></strong></span> <span class='ocrx_word' id='word_1_98' title='bbox 357 853 616 909; x_wconf 87' lang='grc' dir='ltr'><strong><em>πειθόμενον,</em></strong></span> <span class='ocrx_word' id='word_1_99' title='bbox 653 853 786 904; x_wconf 79' lang='grc' dir='ltr'><strong><em>ξύλοις</em></strong></span> <span class='ocrx_word' id='word_1_100' title='bbox 819 872 860 896; x_wconf 90' lang='grc' dir='ltr'><strong><em>τε</em></strong></span> <span class='ocrx_word' id='word_1_101' title='bbox 895 854 1081 901; x_wconf 83' lang='grc' dir='ltr'><strong><em>παίοντες</em></strong></span> <span class='ocrx_word' id='word_1_102' title='bbox 1119 850 1163 895; x_wconf 85' lang='grc' dir='ltr'><strong><em>τὸ</em></strong></span> <span class='ocrx_word' id='word_1_103' title='bbox 1197 855 1332 906; x_wconf 90' lang='grc' dir='ltr'><strong><em>σῶμα,</em></strong></span> <span class='ocrx_word' id='word_1_104' title='bbox 1367 848 1433 894; x_wconf 78' lang='grc' dir='ltr'><strong><em>καὶ</em></strong></span> <span class='ocrx_word' id='word_1_105' title='bbox 1468 850 1664 906; x_wconf 79' lang='grc' dir='ltr'><strong><em>καλάμοις</em></strong></span> <span class='ocrx_word' id='word_1_106' title='bbox 1698 851 1803 903; x_wconf 78' lang='grc' dir='ltr'><strong><em>ὀξέσι</em></strong></span> <span class='ocrx_word' id='word_1_107' title='bbox 1837 852 1884 896; x_wconf 80' lang='grc' dir='ltr'><strong><em>τὰ</em></strong></span> 
     </span>
     <span class='ocr_line' id='line_1_11' title="bbox 231 925 1956 988; baseline -0.001 -12"><span class='ocrx_word' id='word_1_108' title='bbox 231 931 484 988; x_wconf 80' lang='grc' dir='ltr'><strong><em>,,πρόσωπον</em></strong></span> <span class='ocrx_word' id='word_1_109' title='bbox 518 930 583 975; x_wconf 80' lang='grc' dir='ltr'><strong><em>καὶ</em></strong></span> <span class='ocrx_word' id='word_1_110' title='bbox 623 929 689 980; x_wconf 73' lang='grc' dir='ltr'><strong><em>τὲς</em></strong></span> <span class='ocrx_word' id='word_1_111' title='bbox 723 931 935 986; x_wconf 70' lang='grc' dir='ltr'><strong><em>ὀφθαλμὲς</em></strong></span> <span class='ocrx_word' id='word_1_112' title='bbox 969 933 1193 983; x_wconf 70' lang='grc' dir='ltr'><strong><em>κεντεῖντες,</em></strong></span> <span class='ocrx_word' id='word_1_113' title='bbox 1238 927 1448 985; x_wconf 78' lang='grc' dir='ltr'><strong><em>ἀγαγόντες</em></strong></span> <span class='ocrx_word' id='word_1_114' title='bbox 1478 930 1532 978; x_wconf 75' lang='grc' dir='ltr'><strong><em>εἰς</em></strong></span> <span class='ocrx_word' id='word_1_115' title='bbox 1565 925 1611 972; x_wconf 83' lang='grc' dir='ltr'><strong><em>τὸ</em></strong></span> <span class='ocrx_word' id='word_1_116' title='bbox 1645 928 1887 985; x_wconf 78' lang='grc' dir='ltr'><strong><em>προάστειον</em></strong></span> <span class='ocrx_word' id='word_1_117' title='bbox 1912 947 1956 979; x_wconf 87' lang='lat'><strong><em>10</em></strong></span> 
     </span>
     <span class='ocr_line' id='line_1_12' title="bbox 234 1005 1885 1066; baseline -0.001 -13"><span class='ocrx_word' id='word_1_118' title='bbox 234 1008 653 1066; x_wconf 83' lang='grc' dir='ltr'><strong><em>,,κατελιθοβόλησαν.</em></strong></span> <span class='ocrx_word' id='word_1_119' title='bbox 716 1010 850 1051; x_wconf 80' lang='grc' dir='ltr'><strong><em>ἔπειτα</em></strong></span> <span class='ocrx_word' id='word_1_120' title='bbox 888 1005 1030 1062; x_wconf 75' lang='grc' dir='ltr'><strong><em>πιστὴν</em></strong></span> <span class='ocrx_word' id='word_1_121' title='bbox 1059 1014 1223 1063; x_wconf 84' lang='grc' dir='ltr'><strong><em>γυναῖκα</em></strong></span> <span class='ocrx_word' id='word_1_122' title='bbox 1255 1008 1435 1050; x_wconf 84' lang='grc' dir='ltr'><strong><em>Κοΐνταν</em></strong></span> <span class='ocrx_word' id='word_1_123' title='bbox 1465 1007 1708 1062; x_wconf 75' lang='grc' dir='ltr'><strong><em>καλουμένην</em></strong></span> <span class='ocrx_word' id='word_1_124' title='bbox 1742 1007 1804 1052; x_wconf 69' lang='grc' dir='ltr'><strong><em>ἐπὶ</em></strong></span> <span class='ocrx_word' id='word_1_125' title='bbox 1838 1006 1885 1052; x_wconf 79' lang='grc' dir='ltr'><strong><em>τὸ</em></strong></span> 
     </span>
     <span class='ocr_line' id='line_1_13' title="bbox 231 1083 1886 1142; baseline -0.001 -12"><span class='ocrx_word' id='word_1_126' title='bbox 231 1088 466 1140; x_wconf 68' lang='grc' dir='ltr'><strong><em>,,ει’δωλεῖον</em></strong></span> <span class='ocrx_word' id='word_1_127' title='bbox 499 1086 710 1142; x_wconf 72' lang='grc' dir='ltr'><strong><em>ἀγαγόντες</em></strong></span> <span class='ocrx_word' id='word_1_128' title='bbox 736 1084 952 1140; x_wconf 76' lang='grc' dir='ltr'><strong><em>ἠνάγκαζον</em></strong></span> <span class='ocrx_word' id='word_1_129' title='bbox 980 1091 1232 1139; x_wconf 79' lang='grc' dir='ltr'><strong><em>προσκυνεῖν·</em></strong></span> <span class='ocrx_word' id='word_1_130' title='bbox 1261 1084 1612 1140; x_wconf 75' lang='grc' dir='ltr'><strong><em>ἀποστρεφομένην</em></strong></span> <span class='ocrx_word' id='word_1_131' title='bbox 1633 1083 1673 1127; x_wconf 81' lang='grc' dir='ltr'><strong><em>δὲ</em></strong></span> <span class='ocrx_word' id='word_1_132' title='bbox 1697 1083 1764 1128; x_wconf 80' lang='grc' dir='ltr'><strong><em>καὶ</em></strong></span> <span class='ocrx_word' id='word_1_133' title='bbox 1793 1089 1886 1142; x_wconf 82' lang='grc' dir='ltr'><strong><em>βδε-</em></strong></span> 
     </span>
     <span class='ocr_line' id='line_1_14' title="bbox 231 1159 1886 1219; baseline -0.001 -11"><span class='ocrx_word' id='word_1_134' title='bbox 231 1166 502 1219; x_wconf 84' lang='grc' dir='ltr'><strong><em>,,λυττομε’νην</em></strong></span> <span class='ocrx_word' id='word_1_135' title='bbox 537 1163 771 1219; x_wconf 72' lang='grc' dir='ltr'><strong><em>ἐκδήσαντες</em></strong></span> <span class='ocrx_word' id='word_1_136' title='bbox 806 1166 886 1205; x_wconf 87' lang='grc' dir='ltr'><strong><em>τῶν</em></strong></span> <span class='ocrx_word' id='word_1_137' title='bbox 919 1165 1074 1215; x_wconf 81' lang='grc' dir='ltr'><strong><em>ποδῶν,</em></strong></span> <span class='ocrx_word' id='word_1_138' title='bbox 1119 1161 1183 1203; x_wconf 79' lang='grc' dir='ltr'><strong><em>διὰ</em></strong></span> <span class='ocrx_word' id='word_1_139' title='bbox 1220 1160 1350 1216; x_wconf 80' lang='grc' dir='ltr'><strong><em>πάσης</em></strong></span> <span class='ocrx_word' id='word_1_140' title='bbox 1384 1164 1453 1216; x_wconf 80' lang='grc' dir='ltr'><strong><em>τῆς</em></strong></span> <span class='ocrx_word' id='word_1_141' title='bbox 1488 1160 1642 1210; x_wconf 89' lang='grc' dir='ltr'><strong><em>πόλεως</em></strong></span> <span class='ocrx_word' id='word_1_142' title='bbox 1674 1159 1778 1205; x_wconf 72' lang='grc' dir='ltr'><strong><em>κατὰ</em></strong></span> <span class='ocrx_word' id='word_1_143' title='bbox 1812 1166 1886 1206; x_wconf 87' lang='grc' dir='ltr'><strong><em>τοῦ</em></strong></span> 
     </span>
     <span class='ocr_line' id='line_1_15' title="bbox 231 1237 1888 1298; baseline -0.001 -13"><span class='ocrx_word' id='word_1_144' title='bbox 231 1276 257 1295; x_wconf 85' lang='grc'><strong><em>,,</em></strong></span> <span class='ocrx_word' id='word_1_145' title='bbox 271 1243 434 1298; x_wconf 80' lang='grc' dir='ltr'><strong><em>τραχέος</em></strong></span> <span class='ocrx_word' id='word_1_146' title='bbox 468 1240 717 1296; x_wconf 73' lang='grc' dir='ltr'><strong><em>λιθοστρῶτε</em></strong></span> <span class='ocrx_word' id='word_1_147' title='bbox 751 1239 960 1293; x_wconf 80' lang='grc' dir='ltr'><strong><em>σύροντες,</em></strong></span> <span class='ocrx_word' id='word_1_148' title='bbox 1001 1239 1381 1293; x_wconf 78' lang='grc' dir='ltr'><strong><em>προσαρασσομένην</em></strong></span> <span class='ocrx_word' id='word_1_149' title='bbox 1414 1245 1498 1287; x_wconf 84' lang='grc' dir='ltr'><strong><em>τοῖς</em></strong></span> <span class='ocrx_word' id='word_1_150' title='bbox 1527 1237 1726 1293; x_wconf 85' lang='grc' dir='ltr'><strong><em>μυλιαιόις</em></strong></span> <span class='ocrx_word' id='word_1_151' title='bbox 1756 1239 1888 1289; x_wconf 88' lang='grc' dir='ltr'><strong><em>λίθοις</em></strong></span> 
     </span>
     <span class='ocr_line' id='line_1_16' title="bbox 232 1314 1955 1375; baseline -0.001 -12"><span class='ocrx_word' id='word_1_152' title='bbox 232 1319 355 1375; x_wconf 79' lang='grc' dir='ltr'><strong><em>,,ἁ’μα</em></strong></span> <span class='ocrx_word' id='word_1_153' title='bbox 385 1318 450 1363; x_wconf 79' lang='grc' dir='ltr'><strong><em>καὶ</em></strong></span> <span class='ocrx_word' id='word_1_154' title='bbox 480 1322 746 1374; x_wconf 64' lang='grc' dir='ltr'><strong><em>μαστιγῖςντες,</em></strong></span> <span class='ocrx_word' id='word_1_155' title='bbox 781 1315 842 1360; x_wconf 79' lang='grc' dir='ltr'><strong><em>ἐπὶ</em></strong></span> <span class='ocrx_word' id='word_1_156' title='bbox 871 1316 938 1359; x_wconf 84' lang='grc' dir='ltr'><strong><em>τὸν</em></strong></span> <span class='ocrx_word' id='word_1_157' title='bbox 962 1316 1086 1359; x_wconf 83' lang='grc' dir='ltr'><strong><em>αὐτὸν</em></strong></span> <span class='ocrx_word' id='word_1_158' title='bbox 1115 1314 1326 1371; x_wconf 78' lang='grc' dir='ltr'><strong><em>ἀγαγόντες</em></strong></span> <span class='ocrx_word' id='word_1_159' title='bbox 1352 1316 1592 1359; x_wconf 78' lang='grc' dir='ltr'><strong><em>κατέλευσαν</em></strong></span> <span class='ocrx_word' id='word_1_160' title='bbox 1621 1314 1756 1360; x_wconf 87' lang='grc' dir='ltr'><strong><em>τόπον.</em></strong></span> <span class='ocrx_word' id='word_1_161' title='bbox 1807 1317 1883 1361; x_wconf 82' lang='grc' dir='ltr'><strong><em>εἶθ’</em></strong></span> <span class='ocrx_word' id='word_1_162' title='bbox 1913 1332 1955 1364; x_wconf 82' lang='lat'><strong><em>15</em></strong></span> 
     </span>
     <span class='ocr_line' id='line_1_17' title="bbox 230 1391 1889 1453; baseline -0.002 -12"><span class='ocrx_word' id='word_1_163' title='bbox 230 1430 256 1451; x_wconf 87' lang='grc'><strong><em>,,</em></strong></span> <span class='ocrx_word' id='word_1_164' title='bbox 271 1397 531 1453; x_wconf 83' lang='grc' dir='ltr'><strong><em>ὁμοθυμαδὸν</em></strong></span> <span class='ocrx_word' id='word_1_165' title='bbox 567 1395 739 1444; x_wconf 76' lang='grc' dir='ltr'><strong><em>ἅπαντες</em></strong></span> <span class='ocrx_word' id='word_1_166' title='bbox 771 1394 956 1450; x_wconf 76' lang='grc' dir='ltr'><strong><em>ὥρμησαν</em></strong></span> <span class='ocrx_word' id='word_1_167' title='bbox 992 1392 1053 1437; x_wconf 76' lang='grc' dir='ltr'><strong><em>ἐπὶ</em></strong></span> <span class='ocrx_word' id='word_1_168' title='bbox 1088 1391 1160 1442; x_wconf 80' lang='grc' dir='ltr'><strong><em>τὰς</em></strong></span> <span class='ocrx_word' id='word_1_169' title='bbox 1192 1396 1269 1436; x_wconf 87' lang='grc' dir='ltr'><strong><em>τῶν</em></strong></span> <span class='ocrx_word' id='word_1_170' title='bbox 1301 1394 1504 1450; x_wconf 84' lang='grc' dir='ltr'><strong><em>θεοσεβῶν</em></strong></span> <span class='ocrx_word' id='word_1_171' title='bbox 1533 1391 1682 1447; x_wconf 83' lang='grc' dir='ltr'><strong><em>οἰκίας,</em></strong></span> <span class='ocrx_word' id='word_1_172' title='bbox 1717 1391 1783 1437; x_wconf 78' lang='grc' dir='ltr'><strong><em>καὶ</em></strong></span> <span class='ocrx_word' id='word_1_173' title='bbox 1819 1392 1889 1444; x_wconf 74' lang='grc' dir='ltr'><strong><em>οὓς</em></strong></span> 
     </span>
     <span class='ocr_line' id='line_1_18' title="bbox 230 1466 1886 1531; baseline -0.003 -12"><span class='ocrx_word' id='word_1_174' title='bbox 230 1506 256 1528; x_wconf 86' lang='grc'><strong><em>,,</em></strong></span> <span class='ocrx_word' id='word_1_175' title='bbox 271 1474 475 1531; x_wconf 81' lang='grc' dir='ltr'><strong><em>ἐγνώριζον</em></strong></span> <span class='ocrx_word' id='word_1_176' title='bbox 510 1475 668 1518; x_wconf 72' lang='grc' dir='ltr'><strong><em>ἕκαστοι</em></strong></span> <span class='ocrx_word' id='word_1_177' title='bbox 692 1476 941 1528; x_wconf 74' lang='grc' dir='ltr'><strong><em>γειτνιῶντας</em></strong></span> <span class='ocrx_word' id='word_1_178' title='bbox 966 1470 1266 1519; x_wconf 80' lang='grc' dir='ltr'><strong><em>ἐπισπεύδοντες</em></strong></span> <span class='ocrx_word' id='word_1_179' title='bbox 1287 1466 1392 1525; x_wconf 78' lang='grc' dir='ltr'><strong><em>ἦγον,</em></strong></span> <span class='ocrx_word' id='word_1_180' title='bbox 1427 1469 1577 1514; x_wconf 80' lang='grc' dir='ltr'><strong><em>ἐσύλων</em></strong></span> <span class='ocrx_word' id='word_1_181' title='bbox 1602 1487 1644 1513; x_wconf 89' lang='grc' dir='ltr'><strong><em>τε</em></strong></span> <span class='ocrx_word' id='word_1_182' title='bbox 1674 1468 1740 1513; x_wconf 73' lang='grc' dir='ltr'><strong><em>καὶ</em></strong></span> <span class='ocrx_word' id='word_1_183' title='bbox 1775 1469 1886 1528; x_wconf 84' lang='grc' dir='ltr'><strong><em>διήρ-</em></strong></span> 
     </span>
     <span class='ocr_line' id='line_1_19' title="bbox 230 1545 1888 1608; baseline -0.002 -11"><span class='ocrx_word' id='word_1_184' title='bbox 230 1555 408 1607; x_wconf 81' lang='grc' dir='ltr'><strong><em>,,παζον,</em></strong></span> <span class='ocrx_word' id='word_1_185' title='bbox 442 1550 493 1595; x_wconf 74' lang='grc' dir='ltr'><strong><em>τιὶ</em></strong></span> <span class='ocrx_word' id='word_1_186' title='bbox 524 1552 592 1608; x_wconf 77' lang='grc' dir='ltr'><strong><em>μὲν</em></strong></span> <span class='ocrx_word' id='word_1_187' title='bbox 621 1550 833 1606; x_wconf 78' lang='grc' dir='ltr'><strong><em>τιμιώτερα</em></strong></span> <span class='ocrx_word' id='word_1_188' title='bbox 855 1553 933 1592; x_wconf 88' lang='grc' dir='ltr'><strong><em>τῶν</em></strong></span> <span class='ocrx_word' id='word_1_189' title='bbox 959 1549 1164 1604; x_wconf 79' lang='grc' dir='ltr'><strong><em>κειμηλίων</em></strong></span> <span class='ocrx_word' id='word_1_190' title='bbox 1188 1546 1473 1603; x_wconf 86' lang='grc' dir='ltr'><strong><em>νοσφιζόμενοι,</em></strong></span> <span class='ocrx_word' id='word_1_191' title='bbox 1505 1545 1557 1591; x_wconf 74' lang='grc' dir='ltr'><strong><em>τὰ</em></strong></span> <span class='ocrx_word' id='word_1_192' title='bbox 1585 1545 1626 1591; x_wconf 77' lang='grc' dir='ltr'><strong><em>δὲ</em></strong></span> <span class='ocrx_word' id='word_1_193' title='bbox 1659 1547 1888 1604; x_wconf 82' lang='grc' dir='ltr'><strong><em>εὖτελέςερα</em></strong></span> 
     </span>
     <span class='ocr_line' id='line_1_20' title="bbox 233 1624 1888 1683; baseline -0.002 -9"><span class='ocrx_word' id='word_1_194' title='bbox 233 1629 338 1683; x_wconf 82' lang='grc' dir='ltr'><strong><em>,,καὶ</em></strong></span> <span class='ocrx_word' id='word_1_195' title='bbox 369 1629 445 1674; x_wconf 88' lang='grc' dir='ltr'><strong><em>ὅσα</em></strong></span> <span class='ocrx_word' id='word_1_196' title='bbox 481 1631 521 1673; x_wconf 89' lang='grc' dir='ltr'><strong><em>ἐκ</em></strong></span> <span class='ocrx_word' id='word_1_197' title='bbox 554 1629 681 1681; x_wconf 80' lang='grc' dir='ltr'><strong><em>ξύλων</em></strong></span> <span class='ocrx_word' id='word_1_198' title='bbox 715 1628 948 1682; x_wconf 83' lang='grc' dir='ltr'><strong><em>ἐπεποίητο,</em></strong></span> <span class='ocrx_word' id='word_1_199' title='bbox 983 1625 1276 1682; x_wconf 74' lang='grc' dir='ltr'><strong><em>διαῤῥιπτὲντες</em></strong></span> <span class='ocrx_word' id='word_1_200' title='bbox 1309 1624 1374 1669; x_wconf 81' lang='grc' dir='ltr'><strong><em>καὶ</em></strong></span> <span class='ocrx_word' id='word_1_201' title='bbox 1410 1625 1694 1675; x_wconf 85' lang='grc' dir='ltr'><strong><em>κατακαίοντες</em></strong></span> <span class='ocrx_word' id='word_1_202' title='bbox 1732 1628 1773 1671; x_wconf 83' lang='grc' dir='ltr'><strong><em>ἐν</em></strong></span> <span class='ocrx_word' id='word_1_203' title='bbox 1799 1635 1888 1677; x_wconf 89' lang='grc' dir='ltr'><strong><em>ταῖς</em></strong></span> 
     </span>
     <span class='ocr_line' id='line_1_21' title="bbox 233 1702 1956 1761; baseline -0.002 -9"><span class='ocrx_word' id='word_1_204' title='bbox 233 1741 258 1761; x_wconf 85' lang='grc'><strong><em>,.,</em></strong></span> <span class='ocrx_word' id='word_1_205' title='bbox 273 1708 378 1757; x_wconf 85' lang='grc' dir='ltr'><strong><em>ὁδοῖς</em></strong></span> <span class='ocrx_word' id='word_1_206' title='bbox 410 1708 631 1756; x_wconf 78' lang='grc' dir='ltr'><strong><em>ἑαλωκυίας</em></strong></span> <span class='ocrx_word' id='word_1_207' title='bbox 662 1704 739 1749; x_wconf 81' lang='grc' dir='ltr'><strong><em>ὑπὸ</em></strong></span> <span class='ocrx_word' id='word_1_208' title='bbox 763 1705 962 1759; x_wconf 86' lang='grc' dir='ltr'><strong><em>πολεμίων</em></strong></span> <span class='ocrx_word' id='word_1_209' title='bbox 993 1702 1146 1751; x_wconf 86' lang='grc' dir='ltr'><strong><em>πόλεως</em></strong></span> <span class='ocrx_word' id='word_1_210' title='bbox 1173 1711 1359 1759; x_wconf 82' lang='grc' dir='ltr'><strong><em>παρεῖχον</em></strong></span> <span class='ocrx_word' id='word_1_211' title='bbox 1385 1703 1496 1747; x_wconf 87' lang='grc' dir='ltr'><strong><em>θεάν.</em></strong></span> <span class='ocrx_word' id='word_1_212' title='bbox 1540 1704 1734 1754; x_wconf 78' lang='grc' dir='ltr'><strong><em>ἕξέκλινον</em></strong></span> <span class='ocrx_word' id='word_1_213' title='bbox 1756 1703 1884 1750; x_wconf 78' lang='grc' dir='ltr'><strong><em>δὲκαὶ</em></strong></span> <span class='ocrx_word' id='word_1_214' title='bbox 1911 1717 1956 1748; x_wconf 86' lang='lat'><strong><em>20</em></strong></span> 
     </span>
     <span class='ocr_line' id='line_1_22' title="bbox 232 1779 1888 1841; baseline -0.002 -12"><span class='ocrx_word' id='word_1_215' title='bbox 232 1784 524 1841; x_wconf 74' lang='grc' dir='ltr'><strong><em>,,ύπανεχῶρεν</em></strong></span> <span class='ocrx_word' id='word_1_216' title='bbox 560 1786 596 1827; x_wconf 89' lang='grc' dir='ltr'><strong><em>οἱ</em></strong></span> <span class='ocrx_word' id='word_1_217' title='bbox 641 1781 829 1838; x_wconf 77' lang='grc' dir='ltr'><strong><em>ἀδελφοὶ,</em></strong></span> <span class='ocrx_word' id='word_1_218' title='bbox 874 1780 938 1825; x_wconf 75' lang='grc' dir='ltr'><strong><em>καὶ</em></strong></span> <span class='ocrx_word' id='word_1_219' title='bbox 975 1779 1044 1836; x_wconf 63' lang='grc' dir='ltr'><strong><em>τὴν</em></strong></span> <span class='ocrx_word' id='word_1_220' title='bbox 1078 1780 1259 1837; x_wconf 73' lang='grc' dir='ltr'><strong><em>ἁρπαγήν</em></strong></span> <span class='ocrx_word' id='word_1_221' title='bbox 1301 1784 1381 1826; x_wconf 91' lang='grc' dir='ltr'><strong><em>τῶν</em></strong></span> <span class='ocrx_word' id='word_1_222' title='bbox 1422 1780 1699 1836; x_wconf 80' lang='grc' dir='ltr'><strong><em>ὑπαρχόντων,</em></strong></span> <span class='ocrx_word' id='word_1_223' title='bbox 1742 1781 1888 1838; x_wconf 85' lang='grc' dir='ltr'><strong><em>ὁμοίως</em></strong></span> 
     </span>
     <span class='ocr_line' id='line_1_23' title="bbox 232 1858 1888 1917; baseline -0.002 -11"><span class='ocrx_word' id='word_1_224' title='bbox 232 1863 431 1917; x_wconf 87' lang='grc' dir='ltr'><strong><em>,,ἐκείνοις</em></strong></span> <span class='ocrx_word' id='word_1_225' title='bbox 466 1862 524 1911; x_wconf 84' lang='grc' dir='ltr'><strong><em>οἷς</em></strong></span> <span class='ocrx_word' id='word_1_226' title='bbox 559 1860 623 1905; x_wconf 74' lang='grc' dir='ltr'><strong><em>καὶ</em></strong></span> <span class='ocrx_word' id='word_1_227' title='bbox 660 1864 830 1908; x_wconf 84' lang='grc' dir='ltr'><strong><em>Παῦλος</em></strong></span> <span class='ocrx_word' id='word_1_228' title='bbox 864 1858 1132 1914; x_wconf 82' lang='grc' dir='ltr'><strong><em>ἐμαρτύρησε,</em></strong></span> <span class='ocrx_word' id='word_1_229' title='bbox 1174 1859 1274 1914; x_wconf 77' lang='grc' dir='ltr'><strong><em>μετα</em></strong></span> <span class='ocrx_word' id='word_1_230' title='bbox 1307 1860 1436 1914; x_wconf 78' lang='grc' dir='ltr'><strong><em>χαρᾶς</em></strong></span> <span class='ocrx_word' id='word_1_231' title='bbox 1468 1859 1770 1914; x_wconf 77' lang='grc' dir='ltr'><strong><em>προσεδέξαντο.</em></strong></span> <span class='ocrx_word' id='word_1_232' title='bbox 1821 1858 1888 1903; x_wconf 79' lang='grc' dir='ltr'><strong><em>καὶ</em></strong></span> 
     </span>
     <span class='ocr_line' id='line_1_24' title="bbox 233 1933 1891 1995; baseline -0.002 -10"><span class='ocrx_word' id='word_1_233' title='bbox 233 1941 316 1992; x_wconf 58' lang='lat' dir='ltr'><strong><em>„bu</em></strong></span> <span class='ocrx_word' id='word_1_234' title='bbox 341 1940 411 1984; x_wconf 79' lang='grc' dir='ltr'><strong><em>οἷδ’</em></strong></span> <span class='ocrx_word' id='word_1_235' title='bbox 445 1939 484 1983; x_wconf 79' lang='grc' dir='ltr'><strong><em>εἴ</em></strong></span> <span class='ocrx_word' id='word_1_236' title='bbox 509 1958 580 1994; x_wconf 88' lang='grc' dir='ltr'><strong><em>τις,</em></strong></span> <span class='ocrx_word' id='word_1_237' title='bbox 602 1938 703 1995; x_wconf 78' lang='grc' dir='ltr'><strong><em>πλὴν</em></strong></span> <span class='ocrx_word' id='word_1_238' title='bbox 729 1940 765 1982; x_wconf 83' lang='grc' dir='ltr'><strong><em>εἰ</em></strong></span> <span class='ocrx_word' id='word_1_239' title='bbox 786 1937 838 1993; x_wconf 87' lang='grc' dir='ltr'><strong><em>μή</em></strong></span> <span class='ocrx_word' id='word_1_240' title='bbox 861 1937 911 1981; x_wconf 77' lang='grc' dir='ltr'><strong><em>πό</em></strong></span> <span class='ocrx_word' id='word_1_241' title='bbox 944 1955 1002 1986; x_wconf 85' lang='grc' dir='ltr'><strong><em>τις</em></strong></span> <span class='ocrx_word' id='word_1_242' title='bbox 1021 1936 1075 1985; x_wconf 80' lang='grc' dir='ltr'><strong><em>εἷς</em></strong></span> <span class='ocrx_word' id='word_1_243' title='bbox 1097 1937 1286 1992; x_wconf 76' lang='grc' dir='ltr'><strong><em>ἐμπεσών,</em></strong></span> <span class='ocrx_word' id='word_1_244' title='bbox 1321 1937 1431 1991; x_wconf 75' lang='grc' dir='ltr'><strong><em>μέχρι</em></strong></span> <span class='ocrx_word' id='word_1_245' title='bbox 1461 1954 1502 1992; x_wconf 86' lang='grc' dir='ltr'><strong><em>γε</em></strong></span> <span class='ocrx_word' id='word_1_246' title='bbox 1528 1935 1622 1980; x_wconf 67' lang='grc' dir='ltr'><strong><em>τότε</em></strong></span> <span class='ocrx_word' id='word_1_247' title='bbox 1648 1933 1718 1980; x_wconf 79' lang='grc' dir='ltr'><strong><em>τὸν</em></strong></span> <span class='ocrx_word' id='word_1_248' title='bbox 1735 1936 1891 1993; x_wconf 84' lang='grc' dir='ltr'><strong><em>Κύριον</em></strong></span> 
     </span>
     <span class='ocr_line' id='line_1_25' title="bbox 233 2013 1889 2075; baseline -0.002 -13"><span class='ocrx_word' id='word_1_249' title='bbox 233 2049 260 2071; x_wconf 89' lang='grc'><strong><em>,,</em></strong></span> <span class='ocrx_word' id='word_1_250' title='bbox 274 2019 483 2075; x_wconf 81' lang='grc' dir='ltr'><strong><em>ἠρνήσατο.</em></strong></span> <span class='ocrx_word' id='word_1_251' title='bbox 520 2015 625 2060; x_wconf 79' lang='grc' dir='ltr'><strong><em>ἀλλὰ</em></strong></span> <span class='ocrx_word' id='word_1_252' title='bbox 646 2015 710 2060; x_wconf 77' lang='grc' dir='ltr'><strong><em>καὶ</em></strong></span> <span class='ocrx_word' id='word_1_253' title='bbox 729 2014 798 2071; x_wconf 72' lang='grc' dir='ltr'><strong><em>τὴν</em></strong></span> <span class='ocrx_word' id='word_1_254' title='bbox 817 2013 1156 2070; x_wconf 79' lang='grc' dir='ltr'><strong><em>θαυμασιωτάτην</em></strong></span> <span class='ocrx_word' id='word_1_255' title='bbox 1176 2013 1265 2057; x_wconf 86' lang='grc' dir='ltr'><strong><em>τότε</em></strong></span> <span class='ocrx_word' id='word_1_256' title='bbox 1283 2015 1486 2069; x_wconf 78' lang='grc' dir='ltr'><strong><em>παρθένον</em></strong></span> <span class='ocrx_word' id='word_1_257' title='bbox 1512 2017 1723 2070; x_wconf 79' lang='grc' dir='ltr'><strong><em>πρεσβῦτιν</em></strong></span> <span class='ocrx_word' id='word_1_258' title='bbox 1739 2013 1889 2059; x_wconf 86' lang='grc' dir='ltr'><strong><em>Ἀπολ-</em></strong></span> 
     </span>
     <span class='ocr_line' id='line_1_26' title="bbox 232 2090 1958 2153; baseline -0.001 -14"><span class='ocrx_word' id='word_1_259' title='bbox 232 2097 416 2150; x_wconf 88' lang='grc' dir='ltr'><strong><em>,,λωνίαν</em></strong></span> <span class='ocrx_word' id='word_1_260' title='bbox 446 2094 715 2153; x_wconf 85' lang='grc' dir='ltr'><strong><em>διαλαβόντες,</em></strong></span> <span class='ocrx_word' id='word_1_261' title='bbox 746 2092 811 2143; x_wconf 75' lang='grc' dir='ltr'><strong><em>τὲς</em></strong></span> <span class='ocrx_word' id='word_1_262' title='bbox 837 2092 906 2148; x_wconf 77' lang='grc' dir='ltr'><strong><em>μὲν</em></strong></span> <span class='ocrx_word' id='word_1_263' title='bbox 930 2091 1094 2140; x_wconf 81' lang='grc' dir='ltr'><strong><em>ὀδόντας</em></strong></span> <span class='ocrx_word' id='word_1_264' title='bbox 1123 2090 1317 2145; x_wconf 76' lang='grc' dir='ltr'><strong><em>ἅπαντας,</em></strong></span> <span class='ocrx_word' id='word_1_265' title='bbox 1347 2091 1563 2142; x_wconf 88' lang='grc' dir='ltr'><strong><em>κόπτοντες</em></strong></span> <span class='ocrx_word' id='word_1_266' title='bbox 1584 2091 1659 2140; x_wconf 76' lang='grc' dir='ltr'><strong><em>τοὶς</em></strong></span> <span class='ocrx_word' id='word_1_267' title='bbox 1688 2090 1887 2149; x_wconf 87' lang='grc' dir='ltr'><strong><em>σιαγόνας,</em></strong></span> <span class='ocrx_word' id='word_1_268' title='bbox 1914 2106 1958 2138; x_wconf 82' lang='grc'><strong><em>25</em></strong></span> 
     </span>
     <span class='ocr_line' id='line_1_27' title="bbox 231 2166 1890 2230; baseline -0.003 -12"><span class='ocrx_word' id='word_1_269' title='bbox 231 2174 489 2230; x_wconf 69' lang='grc' dir='ltr'><strong><em>,,ε’ξηλασαν,</em></strong></span> <span class='ocrx_word' id='word_1_270' title='bbox 531 2171 658 2228; x_wconf 78' lang='grc' dir='ltr'><strong><em>πυρὰν</em></strong></span> <span class='ocrx_word' id='word_1_271' title='bbox 693 2171 733 2215; x_wconf 78' lang='grc' dir='ltr'><strong><em>δὲ</em></strong></span> <span class='ocrx_word' id='word_1_272' title='bbox 768 2170 956 2227; x_wconf 85' lang='grc' dir='ltr'><strong><em>νήσαντες</em></strong></span> <span class='ocrx_word' id='word_1_273' title='bbox 987 2166 1064 2225; x_wconf 82' lang='grc' dir='ltr'><strong><em>πρὸ</em></strong></span> <span class='ocrx_word' id='word_1_274' title='bbox 1105 2173 1174 2224; x_wconf 78' lang='grc' dir='ltr'><strong><em>τῆς</em></strong></span> <span class='ocrx_word' id='word_1_275' title='bbox 1207 2169 1362 2218; x_wconf 87' lang='grc' dir='ltr'><strong><em>πόλεως</em></strong></span> <span class='ocrx_word' id='word_1_276' title='bbox 1397 2170 1528 2219; x_wconf 88' lang='grc' dir='ltr'><strong><em>ζῶσαν</em></strong></span> <span class='ocrx_word' id='word_1_277' title='bbox 1572 2169 1730 2225; x_wconf 75' lang='grc' dir='ltr'><strong><em>ἦπείλεν</em></strong></span> <span class='ocrx_word' id='word_1_278' title='bbox 1763 2188 1890 2214; x_wconf 86' lang='grc' dir='ltr'><strong><em>κατα-</em></strong></span> 
     </span>
     <span class='ocr_line' id='line_1_28' title="bbox 233 2244 1888 2306; baseline -0.003 -11"><span class='ocrx_word' id='word_1_279' title='bbox 233 2285 259 2305; x_wconf 85' lang='grc'><strong><em>,,</em></strong></span> <span class='ocrx_word' id='word_1_280' title='bbox 274 2250 453 2306; x_wconf 82' lang='grc' dir='ltr'><strong><em>καύσειν,</em></strong></span> <span class='ocrx_word' id='word_1_281' title='bbox 490 2250 526 2293; x_wconf 86' lang='grc' dir='ltr'><strong><em>εἰ</em></strong></span> <span class='ocrx_word' id='word_1_282' title='bbox 555 2248 606 2305; x_wconf 80' lang='grc' dir='ltr'><strong><em>μὴ</em></strong></span> <span class='ocrx_word' id='word_1_283' title='bbox 643 2248 973 2305; x_wconf 74' lang='grc' dir='ltr'><strong><em>συνεκφωνήσειεν</em></strong></span> <span class='ocrx_word' id='word_1_284' title='bbox 1008 2246 1143 2295; x_wconf 81' lang='grc' dir='ltr'><strong><em>αὐτοῖς</em></strong></span> <span class='ocrx_word' id='word_1_285' title='bbox 1171 2244 1221 2289; x_wconf 72' lang='grc' dir='ltr'><strong><em>τά</em></strong></span> <span class='ocrx_word' id='word_1_286' title='bbox 1258 2250 1328 2302; x_wconf 78' lang='grc' dir='ltr'><strong><em>τῆς</em></strong></span> <span class='ocrx_word' id='word_1_287' title='bbox 1359 2246 1540 2304; x_wconf 84' lang='grc' dir='ltr'><strong><em>ἀσεβείας</em></strong></span> <span class='ocrx_word' id='word_1_288' title='bbox 1573 2245 1814 2303; x_wconf 88' lang='grc' dir='ltr'><strong><em>κηρύγματα.</em></strong></span> <span class='ocrx_word' id='word_1_289' title='bbox 1866 2247 1888 2303; x_wconf 81' lang='grc' dir='ltr'><em>ἦ</em></span> 
     </span>
     <span class='ocr_line' id='line_1_29' title="bbox 233 2322 1888 2384; baseline -0.002 -11"><span class='ocrx_word' id='word_1_290' title='bbox 233 2329 314 2383; x_wconf 79' lang='grc' dir='ltr'><strong><em>,,δὲ</em></strong></span> <span class='ocrx_word' id='word_1_291' title='bbox 351 2328 750 2384; x_wconf 78' lang='grc' dir='ltr'><strong><em>ὑποπαραιτησαμένη</em></strong></span> <span class='ocrx_word' id='word_1_292' title='bbox 784 2325 909 2384; x_wconf 83' lang='grc' dir='ltr'><strong><em>βραχὺ</em></strong></span> <span class='ocrx_word' id='word_1_293' title='bbox 941 2323 1006 2369; x_wconf 79' lang='grc' dir='ltr'><strong><em>καὶ</em></strong></span> <span class='ocrx_word' id='word_1_294' title='bbox 1039 2323 1229 2367; x_wconf 80' lang='grc' dir='ltr'><strong><em>ἀνεθεῖσα</em></strong></span> <span class='ocrx_word' id='word_1_295' title='bbox 1259 2322 1454 2373; x_wconf 84' lang='grc' dir='ltr'><strong><em>συντόνως</em></strong></span> <span class='ocrx_word' id='word_1_296' title='bbox 1483 2323 1725 2380; x_wconf 81' lang='grc' dir='ltr'><strong><em>ἐπεπήδησεν</em></strong></span> <span class='ocrx_word' id='word_1_297' title='bbox 1757 2325 1813 2374; x_wconf 83' lang='grc' dir='ltr'><strong><em>εἰς</em></strong></span> <span class='ocrx_word' id='word_1_298' title='bbox 1843 2322 1888 2369; x_wconf 85' lang='grc' dir='ltr'><strong><em>τὸ</em></strong></span> 
     </span>
     <span class='ocr_line' id='line_1_30' title="bbox 233 2400 1890 2463; baseline -0.003 -12"><span class='ocrx_word' id='word_1_299' title='bbox 233 2411 350 2463; x_wconf 81' lang='grc' dir='ltr'><strong><em>,,πῦρ</em></strong></span> <span class='ocrx_word' id='word_1_300' title='bbox 385 2404 449 2450; x_wconf 77' lang='grc' dir='ltr'><strong><em>καὶ</em></strong></span> <span class='ocrx_word' id='word_1_301' title='bbox 485 2406 816 2460; x_wconf 82' lang='grc' dir='ltr'><strong><em>καταπέφλεκται.</em></strong></span> <span class='ocrx_word' id='word_1_302' title='bbox 859 2400 1110 2459; x_wconf 71' lang='grc' dir='ltr'><strong><em>Σαραπίωνα</em></strong></span> <span class='ocrx_word' id='word_1_303' title='bbox 1140 2420 1182 2445; x_wconf 89' lang='grc' dir='ltr'><strong><em>τε</em></strong></span> <span class='ocrx_word' id='word_1_304' title='bbox 1217 2400 1512 2457; x_wconf 86' lang='grc' dir='ltr'><strong><em>καταλαβόντες</em></strong></span> <span class='ocrx_word' id='word_1_305' title='bbox 1541 2403 1733 2457; x_wconf 78' lang='grc' dir='ltr'><strong><em>ἐφέστιον,</em></strong></span> <span class='ocrx_word' id='word_1_306' title='bbox 1769 2406 1890 2458; x_wconf 88' lang='grc' dir='ltr'><strong><em>σκλη-</em></strong></span> 
     </span>
    </p>
   </div>
   <div class='ocr_carea' id='block_1_3' title="bbox 233 2477 1959 2542">
    <p class='ocr_par' dir='ltr' id='par_1_3' title="bbox 233 2477 1959 2542">
     <span class='ocr_line' id='line_1_31' title="bbox 233 2477 1959 2542; baseline -0.002 -14"><span class='ocrx_word' id='word_1_307' title='bbox 233 2491 361 2542; x_wconf 81' lang='grc' dir='ltr'><strong><em>,,ραῖς</em></strong></span> <span class='ocrx_word' id='word_1_308' title='bbox 394 2482 586 2541; x_wconf 81' lang='grc' dir='ltr'><strong><em>βασάνοις</em></strong></span> <span class='ocrx_word' id='word_1_309' title='bbox 613 2481 871 2538; x_wconf 88' lang='grc' dir='ltr'><strong><em>αἰκισάμενοι,</em></strong></span> <span class='ocrx_word' id='word_1_310' title='bbox 907 2479 972 2525; x_wconf 77' lang='grc' dir='ltr'><strong><em>καὶ</em></strong></span> <span class='ocrx_word' id='word_1_311' title='bbox 1002 2478 1134 2524; x_wconf 82' lang='grc' dir='ltr'><strong><em>πάντα</em></strong></span> <span class='ocrx_word' id='word_1_312' title='bbox 1156 2477 1207 2522; x_wconf 82' lang='grc' dir='ltr'><strong><em>τὰ</em></strong></span> <span class='ocrx_word' id='word_1_313' title='bbox 1239 2477 1379 2536; x_wconf 80' lang='grc' dir='ltr'><strong><em>ἄρθρα</em></strong></span> <span class='ocrx_word' id='word_1_314' title='bbox 1405 2478 1703 2534; x_wconf 88' lang='grc' dir='ltr'><strong><em>διακλάσαντες,</em></strong></span> <span class='ocrx_word' id='word_1_315' title='bbox 1734 2477 1812 2524; x_wconf 78' lang='grc' dir='ltr'><strong><em>ἀπὸ</em></strong></span> <span class='ocrx_word' id='word_1_316' title='bbox 1841 2483 1889 2524; x_wconf 54' lang='lat' dir='ltr'><strong><em>v&amp;</em></strong></span> <span class='ocrx_word' id='word_1_317' title='bbox 1915 2493 1959 2525; x_wconf 81' lang='lat'><strong><em>30</em></strong></span> 
     </span>
    </p>
   </div>
   <div class='ocr_carea' id='block_1_4' title="bbox 234 2619 1891 3084">
    <p class='ocr_par' dir='ltr' id='par_1_4' title="bbox 234 2619 1891 3084">
     <span class='ocr_line' id='line_1_32' title="bbox 329 2619 1888 2672; baseline -0.003 -9"><span class='ocrx_word' id='word_1_318' title='bbox 329 2635 361 2666; x_wconf 88' lang='lat'><strong><em>1.</em></strong></span> <span class='ocrx_word' id='word_1_319' title='bbox 387 2625 470 2671; x_wconf 76' lang='grc' dir='ltr'><strong><em>παρ’</em></strong></span> <span class='ocrx_word' id='word_1_320' title='bbox 495 2625 601 2672; x_wconf 81' lang='grc' dir='ltr'><strong><em>ἡμῖν]</em></strong></span> <span class='ocrx_word' id='word_1_321' title='bbox 635 2638 701 2660; x_wconf 88' lang='lat' dir='ltr'><strong><em>om.</em></strong></span> <span class='ocrx_word' id='word_1_322' title='bbox 725 2629 763 2669; x_wconf 85' lang='lat' dir='ltr'><strong><em>S,</em></strong></span> <span class='ocrx_word' id='word_1_323' title='bbox 793 2630 871 2670; x_wconf 80' lang='lat' dir='ltr'>post</span> <span class='ocrx_word' id='word_1_324' title='bbox 907 2622 1039 2669; x_wconf 77' lang='grc' dir='ltr'><strong><em>ἤρξατο</em></strong></span> <span class='ocrx_word' id='word_1_325' title='bbox 1071 2626 1167 2669; x_wconf 81' lang='lat' dir='ltr'><strong>ponit</strong></span> <span class='ocrx_word' id='word_1_326' title='bbox 1190 2636 1224 2667; x_wconf 76' lang='lat'><strong><em>9.</em></strong></span> <span class='ocrx_word' id='word_1_327' title='bbox 1267 2624 1271 2668; x_wconf 93' lang='grc' dir='ltr'>Ι</span> <span class='ocrx_word' id='word_1_328' title='bbox 1308 2628 1342 2660; x_wconf 82' lang='grc'><strong><em>4.</em></strong></span> <span class='ocrx_word' id='word_1_329' title='bbox 1375 2619 1497 2668; x_wconf 50' lang='lat' dir='ltr'><strong>addc]</strong></span> <span class='ocrx_word' id='word_1_330' title='bbox 1524 2619 1616 2657; x_wconf 77' lang='grc' dir='ltr'><strong><em>αὗτὲ</em></strong></span> <span class='ocrx_word' id='word_1_331' title='bbox 1645 2622 1717 2657; x_wconf 76' lang='lat' dir='ltr'><strong><em>eik</em></strong></span> <span class='ocrx_word' id='word_1_332' title='bbox 1739 2622 1888 2668; x_wconf 75' lang='lat' dir='ltr'><em>Syncell.</em></span> 
     </span>
     <span class='ocr_line' id='line_1_33' title="bbox 234 2681 1890 2734; baseline -0.004 -12"><span class='ocrx_word' id='word_1_333' title='bbox 234 2690 281 2733; x_wconf 90' lang='lat' dir='ltr'><strong><em>(p.</em></strong></span> <span class='ocrx_word' id='word_1_334' title='bbox 308 2688 403 2732; x_wconf 85' lang='lat'>689).</span> <span class='ocrx_word' id='word_1_335' title='bbox 434 2686 440 2734; x_wconf 94' lang='grc' dir='ltr'>Ι</span> <span class='ocrx_word' id='word_1_336' title='bbox 472 2692 504 2725; x_wconf 86' lang='grc'><strong><em>6.</em></strong></span> <span class='ocrx_word' id='word_1_337' title='bbox 532 2684 596 2730; x_wconf 74' lang='grc' dir='ltr'><strong><em>τήν</em></strong></span> <span class='ocrx_word' id='word_1_338' title='bbox 624 2687 816 2730; x_wconf 79' lang='grc' dir='ltr'><strong><em>θρησκείαν</em></strong></span> <span class='ocrx_word' id='word_1_339' title='bbox 840 2697 870 2717; x_wconf 84' lang='grc' dir='ltr'><strong><em>τ.</em></strong></span> <span class='ocrx_word' id='word_1_340' title='bbox 895 2681 992 2727; x_wconf 82' lang='grc' dir='ltr'><strong><em>δαιμ.</em></strong></span> <span class='ocrx_word' id='word_1_341' title='bbox 1019 2683 1095 2717; x_wconf 79' lang='lat' dir='ltr'>add.</span> <span class='ocrx_word' id='word_1_342' title='bbox 1117 2683 1146 2716; x_wconf 78' lang='lat' dir='ltr'><em>G</em></span> <span class='ocrx_word' id='word_1_343' title='bbox 1166 2683 1314 2727; x_wconf 82' lang='lat' dir='ltr'>(praeter</span> <span class='ocrx_word' id='word_1_344' title='bbox 1337 2682 1364 2726; x_wconf 75' lang='lat' dir='ltr'><strong><em>i)</em></strong></span> <span class='ocrx_word' id='word_1_345' title='bbox 1390 2681 1550 2726; x_wconf 64' lang='lat' dir='ltr'><em>Syncell„</em></span> <span class='ocrx_word' id='word_1_346' title='bbox 1575 2693 1642 2715; x_wconf 88' lang='lat' dir='ltr'><strong><em>om.</em></strong></span> <span class='ocrx_word' id='word_1_347' title='bbox 1667 2681 1804 2724; x_wconf 75' lang='lat' dir='ltr'><strong><em>iVaH,</em></strong></span> <span class='ocrx_word' id='word_1_348' title='bbox 1828 2693 1890 2716; x_wconf 86' lang='lat' dir='ltr'><strong><em>un-</em></strong></span> 
     </span>
     <span class='ocr_line' id='line_1_34' title="bbox 235 2738 1890 2790; baseline -0.004 -10"><span class='ocrx_word' id='word_1_349' title='bbox 235 2748 323 2781; x_wconf 81' lang='lat' dir='ltr'>cinis</span> <span class='ocrx_word' id='word_1_350' title='bbox 345 2747 487 2780; x_wconf 82' lang='lat' dir='ltr'><strong>inclusit</strong></span> <span class='ocrx_word' id='word_1_351' title='bbox 515 2748 571 2780; x_wconf 80' lang='lat' dir='ltr'><strong><em>Sa.</em></strong></span> <span class='ocrx_word' id='word_1_352' title='bbox 611 2744 616 2790; x_wconf 94' lang='grc' dir='ltr'>Ι</span> <span class='ocrx_word' id='word_1_353' title='bbox 654 2750 687 2782; x_wconf 91' lang='grc'><strong><em>7.</em></strong></span> <span class='ocrx_word' id='word_1_354' title='bbox 714 2744 780 2788; x_wconf 79' lang='grc' dir='ltr'><strong><em>μὲν</em></strong></span> <span class='ocrx_word' id='word_1_355' title='bbox 806 2743 884 2776; x_wconf 81' lang='lat' dir='ltr'><strong>add.</strong></span> <span class='ocrx_word' id='word_1_356' title='bbox 915 2742 1047 2786; x_wconf 75' lang='lat' dir='ltr'><strong><em>cfhE,</em></strong></span> <span class='ocrx_word' id='word_1_357' title='bbox 1083 2753 1149 2775; x_wconf 87' lang='lat' dir='ltr'><strong><em>om.</em></strong></span> <span class='ocrx_word' id='word_1_358' title='bbox 1176 2741 1312 2784; x_wconf 59' lang='lat' dir='ltr'><strong><em>aegila.</em></strong></span> <span class='ocrx_word' id='word_1_359' title='bbox 1351 2740 1356 2786; x_wconf 92' lang='grc' dir='ltr'>Ι</span> <span class='ocrx_word' id='word_1_360' title='bbox 1393 2744 1425 2778; x_wconf 91' lang='grc'><strong><em>8.</em></strong></span> <span class='ocrx_word' id='word_1_361' title='bbox 1452 2738 1605 2784; x_wconf 78' lang='grc' dir='ltr'><strong><em>Μητροῖν</em></strong></span> <span class='ocrx_word' id='word_1_362' title='bbox 1637 2740 1890 2784; x_wconf 69' lang='lat' dir='ltr'><strong><em>achikNB,</em></strong></span> 
     </span>
     <span class='ocr_line' id='line_1_35' title="bbox 235 2794 1890 2849; baseline -0.003 -10"><span class='ocrx_word' id='word_1_363' title='bbox 235 2802 382 2849; x_wconf 62' lang='lat' dir='ltr'><strong><em>fflerpo’t&#39;v</em></strong></span> <span class='ocrx_word' id='word_1_364' title='bbox 408 2804 550 2838; x_wconf 79' lang='lat' dir='ltr'><strong><em>thSa</em></strong></span> <span class='ocrx_word' id='word_1_365' title='bbox 562 2804 601 2846; x_wconf 90' lang='lat' dir='ltr'><strong><em>H,</em></strong></span> <span class='ocrx_word' id='word_1_366' title='bbox 627 2800 823 2848; x_wconf 60' lang='lat' dir='ltr'><strong><em>frlryrpavdv</em></strong></span> <span class='ocrx_word' id='word_1_367' title='bbox 847 2802 990 2845; x_wconf 73' lang='lat' dir='ltr'><em>Syncell.</em></span> <span class='ocrx_word' id='word_1_368' title='bbox 1021 2800 1026 2846; x_wconf 93' lang='grc' dir='ltr'>Ι</span> <span class='ocrx_word' id='word_1_369' title='bbox 1060 2807 1114 2838; x_wconf 90' lang='grc'><strong><em>10.</em></strong></span> <span class='ocrx_word' id='word_1_370' title='bbox 1141 2796 1335 2845; x_wconf 66' lang='grc' dir='ltr'><strong><em>α’γαγόντει·</em></strong></span> <span class='ocrx_word' id='word_1_371' title='bbox 1361 2798 1544 2840; x_wconf 71' lang='grc' dir='ltr'><strong><em>αθῘιίῙοΕ,</em></strong></span> <span class='ocrx_word' id='word_1_372' title='bbox 1571 2794 1814 2844; x_wconf 67' lang='grc' dir='ltr'><strong><em>ἀπαγαγόντες</em></strong></span> <span class='ocrx_word' id='word_1_373' title='bbox 1838 2801 1890 2844; x_wconf 78' lang='lat' dir='ltr'><strong><em>cs,</em></strong></span> 
     </span>
     <span class='ocr_line' id='line_1_36' title="bbox 236 2856 1891 2909; baseline -0.007 -11"><span class='ocrx_word' id='word_1_374' title='bbox 236 2860 473 2909; x_wconf 74' lang='grc' dir='ltr'><strong><em>ἐπαγαγόντες</em></strong></span> <span class='ocrx_word' id='word_1_375' title='bbox 496 2874 530 2906; x_wconf 79' lang='lat'><strong><em>9.</em></strong></span> <span class='ocrx_word' id='word_1_376' title='bbox 563 2862 568 2908; x_wconf 99' lang='grc' dir='ltr'>Ι</span> <span class='ocrx_word' id='word_1_377' title='bbox 599 2866 655 2898; x_wconf 82' lang='grc'><strong><em>12.</em></strong></span> <span class='ocrx_word' id='word_1_378' title='bbox 682 2856 889 2906; x_wconf 68' lang='grc' dir='ltr'><strong><em>ἀγαγόντες]</em></strong></span> <span class='ocrx_word' id='word_1_379' title='bbox 917 2856 1161 2904; x_wconf 66' lang='grc' dir='ltr'><strong><em>ἀπαγαγόντες</em></strong></span> <span class='ocrx_word' id='word_1_380' title='bbox 1185 2859 1208 2892; x_wconf 73' lang='lat' dir='ltr'><em>k</em></span> <span class='ocrx_word' id='word_1_381' title='bbox 1232 2856 1375 2902; x_wconf 75' lang='lat' dir='ltr'><strong><em>SynceZZ.</em></strong></span> <span class='ocrx_word' id='word_1_382' title='bbox 1410 2856 1490 2891; x_wconf 85' lang='lat' dir='ltr'><strong><em>VH.</em></strong></span> <span class='ocrx_word' id='word_1_383' title='bbox 1523 2856 1528 2901; x_wconf 95' lang='grc' dir='ltr'>Ι</span> <span class='ocrx_word' id='word_1_384' title='bbox 1569 2861 1625 2894; x_wconf 78' lang='grc'><strong><em>14.</em></strong></span> <span class='ocrx_word' id='word_1_385' title='bbox 1649 2868 1891 2902; x_wconf 80' lang='grc' dir='ltr'><strong><em>προςαρασσο..</em></strong></span> 
     </span>
     <span class='ocr_line' id='line_1_37' title="bbox 236 2913 1891 2967; baseline -0.004 -11"><span class='ocrx_word' id='word_1_386' title='bbox 236 2924 346 2967; x_wconf 74' lang='grc' dir='ltr'><strong><em>μένην</em></strong></span> <span class='ocrx_word' id='word_1_387' title='bbox 361 2922 405 2965; x_wconf 79' lang='lat' dir='ltr'><strong><em>fi</em></strong></span> <span class='ocrx_word' id='word_1_388' title='bbox 415 2922 444 2964; x_wconf 75' lang='lat' dir='ltr'><strong><em>k,</em></strong></span> <span class='ocrx_word' id='word_1_389' title='bbox 469 2921 821 2965; x_wconf 81' lang='grc' dir='ltr'><strong><em>προςαρρασσομὲνην</em></strong></span> <span class='ocrx_word' id='word_1_390' title='bbox 847 2917 1005 2952; x_wconf 77' lang='grc' dir='ltr'><strong><em>αοεῘιΕ.</em></strong></span> <span class='ocrx_word' id='word_1_391' title='bbox 1035 2917 1039 2963; x_wconf 95' lang='grc' dir='ltr'>Ι</span> <span class='ocrx_word' id='word_1_392' title='bbox 1066 2923 1122 2954; x_wconf 82' lang='lat'><strong><em>22.</em></strong></span> <span class='ocrx_word' id='word_1_393' title='bbox 1142 2913 1361 2960; x_wconf 82' lang='grc' dir='ltr'><strong><em>ἐμαρτύρησε</em></strong></span> <span class='ocrx_word' id='word_1_394' title='bbox 1379 2933 1422 2940; x_wconf 76' lang='lat'><strong><em>—-</em></strong></span> <span class='ocrx_word' id='word_1_395' title='bbox 1442 2915 1549 2950; x_wconf 86' lang='lat' dir='ltr'><strong>Hebr.</strong></span> <span class='ocrx_word' id='word_1_396' title='bbox 1569 2921 1624 2957; x_wconf 86' lang='lat'><strong><em>10,</em></strong></span> <span class='ocrx_word' id='word_1_397' title='bbox 1639 2921 1695 2954; x_wconf 81' lang='lat'><strong><em>54.</em></strong></span> <span class='ocrx_word' id='word_1_398' title='bbox 1717 2916 1724 2964; x_wconf 95' lang='grc' dir='ltr'>Ι</span> <span class='ocrx_word' id='word_1_399' title='bbox 1752 2922 1808 2955; x_wconf 80' lang='lat'><strong><em>23.</em></strong></span> <span class='ocrx_word' id='word_1_400' title='bbox 1827 2915 1891 2961; x_wconf 80' lang='grc' dir='ltr'><strong><em>ἐμ-</em></strong></span> 
     </span>
     <span class='ocr_line' id='line_1_38' title="bbox 237 2971 1891 3025; baseline -0.002 -11"><span class='ocrx_word' id='word_1_401' title='bbox 237 2978 370 3025; x_wconf 68' lang='grc' dir='ltr'><strong><em>πεσών]</em></strong></span> <span class='ocrx_word' id='word_1_402' title='bbox 403 2978 558 3015; x_wconf 76' lang='grc' dir='ltr'><strong><em>ἐκπεσών</em></strong></span> <span class='ocrx_word' id='word_1_403' title='bbox 581 2979 728 3023; x_wconf 74' lang='lat' dir='ltr'><em>Synoell.</em></span> <span class='ocrx_word' id='word_1_404' title='bbox 755 2979 801 3022; x_wconf 90' lang='grc' dir='ltr'><strong><em>(Ρ.</em></strong></span> <span class='ocrx_word' id='word_1_405' title='bbox 828 2977 922 3021; x_wconf 84' lang='lat'>690).</span> <span class='ocrx_word' id='word_1_406' title='bbox 960 2977 965 3023; x_wconf 94' lang='grc' dir='ltr'>Ι</span> <span class='ocrx_word' id='word_1_407' title='bbox 1006 2981 1064 3013; x_wconf 81' lang='lat'><strong><em>26.</em></strong></span> <span class='ocrx_word' id='word_1_408' title='bbox 1099 2971 1332 3009; x_wconf 73' lang='grc' dir='ltr'><strong><em>κατακαύσειν</em></strong></span> <span class='ocrx_word' id='word_1_409' title='bbox 1363 2973 1456 3017; x_wconf 70' lang='lat' dir='ltr'><em>cfik·</em></span> <span class='ocrx_word' id='word_1_410' title='bbox 1479 2974 1642 3019; x_wconf 62' lang='lat' dir='ltr'><strong><em>Syncell„</em></strong></span> <span class='ocrx_word' id='word_1_411' title='bbox 1672 2973 1891 3010; x_wconf 70' lang='grc' dir='ltr'><strong><em>κατακαῦσαι</em></strong></span> 
     </span>
     <span class='ocr_line' id='line_1_39' title="bbox 239 3031 1074 3084; baseline -0.006 -11"><span class='ocrx_word' id='word_1_412' title='bbox 239 3038 398 3083; x_wconf 71' lang='lat' dir='ltr'><strong><em>aeth.</em></strong></span> <span class='ocrx_word' id='word_1_413' title='bbox 429 3038 434 3084; x_wconf 92' lang='grc' dir='ltr'>Ι</span> <span class='ocrx_word' id='word_1_414' title='bbox 469 3042 526 3076; x_wconf 83' lang='lat'><strong><em>28.</em></strong></span> <span class='ocrx_word' id='word_1_415' title='bbox 554 3034 746 3080; x_wconf 84' lang='grc' dir='ltr'><strong><em>συντόνως]</em></strong></span> <span class='ocrx_word' id='word_1_416' title='bbox 774 3031 956 3078; x_wconf 78' lang='grc' dir='ltr'><strong><em>συντόμως</em></strong></span> <span class='ocrx_word' id='word_1_417' title='bbox 980 3034 1074 3068; x_wconf 80' lang='lat' dir='ltr'><strong><em>aeS.</em></strong></span> 
     </span>
    </p>
   </div>
  </div>
 </body>
</html>
