2068 3422
557 144 729 187 EUSEB.
761 144 886 187 HIST.
916 142 1062 185 ECCL.
1113 142 1201 184 LIB.
1233 141 1300 195 IX,
1331 141 1372 184 9.
1707 140 1787 183 351

371 264 600 316 Ἀντίγραφον
629 270 808 317 ἑρμηνείας
834 265 1015 311 ἐπιστολῆς
1042 266 1106 301 τοῦ
1130 263 1302 313 τυράννου
1328 266 1546 310 Μαξιμὶνου.

270 339 446 398 ,,Ἰόβιος
475 343 698 397 Μαξιμῖνος
731 338 926 397 σεβαστός
955 339 1129 396 Σαβίνῳ.
1190 337 1256 382 καὶ
1290 337 1403 395 παρὰ
1439 340 1487 392 τῇ
1521 340 1570 392 σῇ
1605 335 1793 394 στιβαρό-
1840 338 1860 379 1

139 437 266 475 „vnn
298 417 365 463 καὶ
399 417 510 474 παρὰ
539 423 661 463 πᾶσιν
689 417 922 474 ἀνθρώποις
952 417 1127 473 φανερὸν
1151 418 1249 459 εἶναι
1275 418 1469 471 πέποιθα,
1503 414 1572 464 τὲς
1601 413 1796 463 δεσπότας

139 529 166 550 ,,
177 495 286 552 ἡμῶν
305 497 595 552 Διοκλητιανὸν
621 495 686 540 καὶ
706 493 969 551 Μαξιμιανὸν,
1000 492 1069 544 τές
1097 494 1284 551 ἡμετέριις
1308 495 1498 550 πατέρας,
1525 492 1639 549 ἡνίκα
1668 499 1795 537 συνεῖ-

91 588 112 621 5
138 579 250 628 ,,δον
270 575 407 631 σχεδὸν
428 573 611 624 ἅπαντας
631 574 858 631 ἀνθρώπες,
880 575 1215 629 καταλειφθείσης
1237 577 1305 628 τῆς
1331 576 1409 616 τῶν
1429 574 1540 615 θεῶν
1563 572 1796 627 θρησκείας,

138 656 235 708 ,,τῷ
269 654 376 697 ἔθνει
409 656 487 696 τῶν
519 657 774 709 Χριστιανῶν
811 650 952 701 ἑαυτὲς
987 650 1298 707 συμμεμιχότας,
1343 650 1477 706 ὀρθῶς
1511 651 1796 705 διατεταχέναι,

137 763 164 784 „
176 730 330 780 πάντας
365 729 580 786 ἀνθρώπες
613 728 680 780 τὲς
715 730 793 774 ἀπὸ
826 735 895 786 τῆς
921 733 999 774 τῶν
1026 729 1158 773 αὐτῶν
1189 732 1296 773 θεῶν
1325 732 1402 771 τῶν
1437 726 1657 771 ἀθανάτων
1689 735 1796 783 θρη-

137 809 313 862 „ousiae
342 808 678 865 ἀναχωρήσαντας
698 808 886 866 προδήλῳ
917 806 1079 852 κολάσει
1109 806 1174 851 καὶ
1201 807 1369 863 τιμωρίᾳ
1400 807 1455 856 εἰς
1489 804 1558 862 τὴν
1578 806 1796 862 θρησκείαν

137 919 164 940 „
176 891 256 931 τῶν
277 891 386 931 θεῶν
415 887 701 942 ἀνακληθῆναι.
750 887 832 930 ἀλλ’
859 886 924 931 ὅτε
957 883 1030 942 ἔγῶ
1057 885 1230 941 εὐτυχῶς
1254 883 1301 929 τὸ
1336 888 1495 940 πρῶτον
1524 884 1578 933 εἰς
1603 884 1675 939 την
1697 883 1796 927 ἀνα-

69 978 113 1010 10
137 963 296 1021 ,,τολὴν
315 964 593 1022 παρεγενόμην,
627 963 692 1009 καὶ
716 966 846 1021 ἔγνων,
882 963 938 1013 εἴς
959 983 1071 1014 τινας
1097 963 1218 1013 τόπες
1246 962 1430 1012 πλείστες
1456 966 1535 1006 τῶν
1570 962 1798 1018 ἀνθρώπων

138 1042 229 1096 ,,τιὶ
265 1042 434 1099 δημόσια
464 1043 627 1099 ὠφελεῖν
651 1044 863 1098 δυναμε-’νες
884 1040 962 1086 ὑπό
994 1047 1074 1086 τῶν
1102 1045 1298 1086 δικαστῶν
1329 1039 1392 1084 διὰ
1420 1040 1490 1096 τὴν
1515 1042 1798 1097 προειρημένην

137 1121 306 1174 ,,αι’τίαν
325 1122 593 1178 ἐξορίζεσθαι,
619 1120 773 1176 ἑκάστῳ
796 1125 875 1165 τῶν
901 1124 1097 1165 δικαστῶν
1123 1119 1289 1169 ἐντολὰς
1317 1120 1484 1173 δέδωκα,
1520 1118 1620 1163 ὥστε
1648 1120 1798 1175 μηδένα

137 1198 302 1253 „droun
322 1202 366 1244 τέ
400 1202 516 1243 zoam}
548 1201 851 1256 προσφέρεσθαι
885 1207 970 1249 τοῖς
1002 1198 1268 1255 ἐπαρχιιόταις
1307 1197 1478 1253 ἀπηνῶς,
1508 1194 1612 1240 ἀλλὰ
1645 1200 1798 1251 μᾶλλον

137 1310 164 1331 ,,
175 1277 364 1334 κολακείᾳ
385 1276 452 1322 καὶ
473 1284 722 1334 προτροπαΐς
743 1277 844 1333 πρὸς
867 1275 939 1333 τήν
961 1281 1041 1322 τῶν
1064 1281 1171 1321 θεῶν
1194 1277 1414 1332 θρησκείαν
1432 1273 1553 1324 αὐτὸς
1573 1275 1796 1319 ἀνακαλεῖν.

69 1368 111 1401 15
138 1388 165 1409 ,,
179 1360 396 1412 τηνικαῦτα
420 1352 464 1399 ἓν
485 1354 550 1400 ὅτε
575 1354 786 1404 ἀκολέθως
813 1359 860 1410 τῇ
888 1354 1060 1399 κελεύσει
1087 1360 1133 1410 τῇ
1156 1357 1226 1411 ἐμῇ
1259 1352 1335 1399 ὑπὸ
1362 1358 1442 1398 τῶν
1471 1357 1669 1398 δικαστῶν
1699 1355 1798 1409 ἐφυ-

136 1434 346 1487 ,,λα’ττετο
374 1432 425 1477 τὰ
446 1435 780 1489 προστεταγμένα,
801 1435 1001 1491 συνέβαινε
1019 1435 1164 1488 μηδένα
1185 1435 1227 1476 ἐκ
1257 1437 1337 1476 τῶν
1361 1437 1430 1489 τῆς
1452 1433 1650 1488 ἀνατολῆς
1668 1435 1798 1488 μερῶν

138 1511 271 1568 ,,μήτε
313 1510 519 1568 ἐξόριστον
559 1510 656 1566 μήτε
691 1509 920 1568 ἐνύβριστον
963 1512 1169 1567 γενέσθαι,
1215 1510 1320 1554 ἀλλὰ
1365 1515 1519 1566 μᾶλλον
1558 1512 1601 1554 ἐκ
1636 1513 1709 1554 τοῦ
1743 1509 1796 1566 μὴ

136 1590 330 1646 ,,βαρε’ως
368 1589 451 1634 κατ’
497 1589 629 1633 αὐτῶν
669 1608 706 1632 τι
749 1589 927 1645 γίνεσθαι
971 1590 1026 1638 είς
1063 1589 1134 1645 τὴν
1175 1593 1254 1633 τῶν
1292 1593 1400 1632 θεῶν
1433 1589 1653 1645 θρησκείαν
1696 1589 1796 1632 ἀνα-

137 1699 165 1720 „
177 1671 407 1723 κεκλῆσθαι.
461 1665 562 1722 μετα
586 1667 625 1712 δὲ
649 1671 792 1722 ταῦτα,
819 1666 885 1711 ὅτε
914 1671 971 1721 τῷ
994 1666 1242 1722 παρελθόντι
1267 1669 1435 1721 ἐνιαυτῷ
1461 1667 1631 1723 εὐτυχῶς
1657 1669 1795 1726 ἐπέβην

68 1759 114 1792 20
139 1746 232 1799 ,,ει’ς
264 1742 335 1801 τήν
366 1745 634 1802 Νικομήδειαν
666 1745 782 1790 κάκεῖ
808 1747 1024 1800 διετέλουν,
1068 1748 1331 1802 παρεγένοντο
1374 1750 1535 1790 πολῖται
1568 1749 1639 1801 τῆς
1674 1745 1797 1800 αὐτῆς

136 1822 329 1877 „adl-ems·
355 1823 456 1880 πρός
487 1843 535 1880 με
570 1823 654 1878 ἅμα
686 1821 787 1879 μετὰ
821 1828 900 1867 τῶν
935 1824 1087 1876 ξοάνων
1120 1828 1200 1868 τῶν
1230 1828 1352 1879 θεῶν,
1384 1824 1572 1881 μειζόνως
1608 1822 1796 1878 δεόμενοι,

137 1933 164 1956 „
177 1900 240 1946 ἵνα
267 1900 386 1946 παντὶ
420 1900 555 1957 τρόπῳ
589 1900 635 1945 τὸ
670 1905 828 1946 τοιὲτον
862 1904 979 1951 ἔθνος
1007 1905 1197 1959 μηδαμῶς
1229 1904 1479 1959 ἐπιτρέποιτο
1511 1904 1550 1946 ἐν
1585 1905 1632 1957 τῇ
1665 1901 1798 1945 αὐτῶν

136 1981 337 2035 ,,πατρίδι
372 1980 501 2024 οἰκεῖν.
554 1980 638 2023 ἀλλ’
676 1978 741 2023 ὅτε
776 1980 894 2035 ἔγνων
926 1982 1110 2030 πλείστες
1135 1984 1205 2037 τῆς
1240 1981 1363 2036 αὐτῆς
1396 1979 1615 2036 θρησκείας
1650 1978 1798 2037 ἄνδρας

138 2091 165 2112 ,,
179 2060 221 2103 ἐν
254 2058 391 2108 αὐτοῖς
423 2065 509 2107 τοῖς
535 2060 688 2114 μέρεσιν
724 2058 842 2102 οἰκεῖν
854 2094 864 2112 ,
900 2057 1000 2109 ἕτως
1035 2059 1172 2109 αὐτοῖς
1206 2057 1279 2108 τὰς
1315 2059 1544 2115 ἀποκρίσεις
1577 2058 1797 2114 ἀπένειμον,

68 2149 112 2182 25
139 2169 166 2191 ,,
180 2135 242 2180 ὅτι
276 2139 323 2192 τῇ
348 2135 420 2192 μὲν
447 2135 598 2192 αἰτήσει
633 2135 767 2179 αὐτῶν
798 2136 973 2192 ἀσμένως
1001 2137 1116 2194 χάριν
1151 2139 1308 2194 ἔσχηκα,
1345 2138 1427 2181 ἀλλ’
1466 2137 1513 2181 οὐ
1548 2134 1660 2191 παρὰ
1693 2135 1797 2179 πάν-

137 2233 258 2269 „ww
283 2218 378 2259 τέτο
414 2213 579 2270 αἰτηθὲν
609 2219 808 2258 κατεῖδον·
845 2217 880 2260 εἰ
910 2215 979 2270 μὲν
1011 2213 1056 2260 ἕν
1080 2216 1180 2265 τινὲς
1214 2219 1288 2260 εἶεν
1311 2219 1358 2271 τῇ
1385 2215 1485 2271 αὐτῇ
1511 2214 1797 2270 δεισιδαιμονίᾳ

138 2294 440 2348 ,,διαμε’νοντες,
473 2290 573 2341 ὖτως
600 2292 667 2335 ε”να
703 2293 870 2336 ἕκαστον
901 2295 942 2337 ἐν
969 2298 1014 2349 τῇ
1041 2295 1119 2351 ἰδίᾳ
1143 2296 1370 2350 προαιρέσει
1393 2292 1463 2349 τὴν
1497 2293 1657 2350 βέλησιν
1686 2293 1796 2348 ἔχειν,

138 2369 244 2426 „nal
277 2371 314 2415 εἰ
342 2369 526 2427 βέλοιντο
561 2367 630 2425 τὴν
658 2374 738 2414 τῶν
766 2375 872 2414 θεῶν
905 2373 1124 2428 θρησκείαν
1152 2371 1427 2428 ἐπιγινώσκειν.
1484 2370 1590 2427 ὅμως
1623 2369 1797 2420 καὶτοῖς

136 2480 166 2503 ,,
179 2452 252 2506 τῆς
284 2448 406 2504 αὐτῆς
430 2446 584 2497 πόλεως
601 2452 886 2504 Νικομηδεῦσι,
916 2449 981 2494 καὶ
1004 2458 1091 2499 ταῖς
1123 2454 1280 2500 λοιπαῖς
1305 2449 1479 2504 πόλεσιν,
1516 2449 1556 2492 αἳ
1584 2446 1651 2492 καὶ
1678 2446 1796 2492 αὐταὶ

69 2539 114 2573 8⁰
140 2529 233 2581 „u’c
265 2530 458 2572 τοσοῦτον
478 2524 550 2582 τὴν
581 2525 724 2582 ὁμοίαν
759 2526 912 2583 αἴτησιν
937 2529 1290 2585 περισπουδάστως
1312 2527 1411 2584 πρός
1443 2546 1490 2583 με
1523 2525 1797 2582 πεποιήκασιν,

139 2637 166 2659 ,,
179 2603 360 2661 δηλονότι
394 2603 457 2648 ἵνα
490 2604 588 2660 μηδὲ
623 2605 677 2654 εἷς
705 2609 784 2649 τῶν
804 2611 1058 2661 Χριστιανῶν
1091 2615 1179 2657 ταῖς
1212 2606 1373 2651 πόλεσιν
1407 2607 1590 2662 ε’νοικοίη,
1627 2604 1797 2662 ἀνάγκην

139 2683 290 2739 ,,ἕσχον
325 2686 559 2739 προσφιλῶς
602 2683 925 2740 ἀποκρίνασθαι,
970 2684 1031 2729 ὅτι
1076 2683 1122 2741 δὴ
1159 2685 1258 2729 αὐτὸ
1301 2689 1423 2729 τοῦτο
1465 2683 1530 2728 καὶ
1566 2685 1604 2727 οἱ
1639 2683 1796 2739 ἀρχαῖοι

139 2759 478 2818 ,,αὗτοκρα’τορες
512 2759 656 2811 πάντες
681 2761 935 2818 διεφύλαξαν,
969 2762 1034 2807 καὶ
1056 2764 1194 2813 αὐτοῖς
1227 2771 1309 2812 τοῖς
1339 2770 1464 2817 θεοῖς,
1497 2762 1542 2806 δι’
1578 2759 1622 2811 ἒς
1650 2761 1798 2811 πάντες

139 2869 167 2891 „
180 2836 390 2895 ἅνθρωποι
424 2838 490 2882 καὶ
525 2836 624 2895 αὐτη
658 2839 680 2895 ἡ
715 2843 792 2882 τῶν
826 2841 1022 2896 δημοσίων
1056 2842 1245 2897 διοίκησις
1280 2842 1534 2895 συνίσταται,
1568 2838 1706 2895 ἤρεσεν
1739 2836 1797 2894 εἶν,

71 2930 115 2965 55
141 2948 169 2970 ,,
182 2913 283 2960 ὥστε
316 2916 387 2972 τήν
419 2915 620 2973 τοσαύτην
653 2916 820 2974 αἴτησιν,
855 2915 903 2974 ἧν
928 2917 1025 2975 ὑπὲρ
1055 2923 1124 2975 τῆς
1154 2919 1374 2976 θρησκείας
1404 2921 1479 2962 τοῦ
1512 2919 1628 2962 θείου
1662 2917 1799 2962 αὐτῶν

236 3038 270 3072 9.
287 3031 528 3079 ἀνακλιθῆναι
551 3035 605 3078 cs.
632 3034 638 3081 Ι
666 3041 720 3073 14.
737 3034 899 3080 κολακείᾳ
924 3037 1150 3080 cqikxNB,
1167 3035 1363 3071 κολακείαις
1386 3034 1621 3079 aeshsVH.
1650 3034 1654 3080 Ι
1686 3038 1742 3074 18.
1761 3047 1797 3070 τι

141 3104 208 3128 om.
235 3092 392 3138 csyoeB.
426 3095 432 3141 Ι
462 3099 518 3132 54.
545 3089 604 3140 ἔν]
631 3093 695 3129 νῦν
721 3095 809 3137 conj.
843 3094 904 3128 Va.
