2068 3422
591 189 762 232 EUSEB.
794 189 918 231 HIST.
949 188 1095 232 ECCL.
1144 190 1234 231 LIB.
1266 190 1316 242 X,
1347 190 1386 232 4.
1729 189 1813 232 363

165 311 286 370 δεινὰ,
315 311 490 370 θιγγάνει
521 313 558 357 δ’
593 313 756 369 ἀηδέων,
791 313 847 358 ἐπ’
877 313 1112 369 ἀλλοτριήσί
1139 332 1182 358 τε
1211 316 1457 370 ξυμφορῇσιν
1487 314 1589 364 ἰδίας
1617 318 1815 370 καρπὲται

164 391 305 447 λύπας,
341 391 388 435 οὔ
422 395 640 441 νοσοῦντας
670 388 768 435 αὐτὸ
795 389 927 446 μόνον,
960 390 1046 434 οὐδ’
1084 391 1208 435 ἕλκεσι
1238 396 1376 442 δεινοῖς
1400 391 1466 436 καὶ
1501 392 1713 449 σεσηπόσιν
1744 391 1815 449 ἤδη

164 468 366 526 τραύμασι
394 470 629 525 πιεζομένες,
665 466 768 513 ἀλλά
800 467 866 513 καὶ
891 470 931 512 ἐν
960 477 1110 525 νεκροῖς
1135 471 1307 524 κειμένες
1334 469 1435 525 ἡμᾶς
1460 473 1501 522 ἐξ
1528 470 1659 516 αὐτῶν
1687 474 1817 527 μυχῶν

164 551 209 592 τῐί
243 546 402 593 θανάτε
437 546 557 598 αὐτὸς
590 550 718 602 ἑαυτῷ
747 547 978 602 διεσώσατο,
1014 546 1075 591 ὅτι
1099 547 1195 603 μηδὲ
1230 545 1338 602 ἄλλῳ
1367 566 1422 602 τῳ
1445 552 1524 591 τῶν
1557 548 1641 592 κατ’
1673 548 1818 605 ἐρανὸν

119 639 140 673 5
166 630 337 671 τοσέτον
368 629 500 682 παρῆν
523 625 667 682 ἰσχύος,
703 624 755 675 ῶς
784 629 834 681 τῇ
861 629 941 669 τῶν
965 624 1142 669 τοσέτων
1172 625 1358 682 ἀβλαβῶς
1385 626 1704 682 διακονήσασθαι
1737 646 1817 670 σω-

163 704 292 760 τηρίᾳ.
345 703 465 759 μόνος
493 703 531 746 δ’
562 701 634 746 οὖν
661 702 727 747 καὶ
761 707 830 760 τῆς
854 704 963 760 ἡμῶν
994 703 1126 746 αὐτῶν
1153 707 1419 760 βαρυπαθοῦς
1453 709 1617 760 φθορᾶς
1652 704 1887 760 &pauni-12

163 799 291 837 μενος,
323 781 443 838 μόνος
477 780 543 830 τὲς
572 781 756 837 ἡμετέρες
782 782 960 831 ἀνατλάς
993 780 1122 835 πόνος,
1158 780 1278 835 μόνος
1303 779 1356 824 τὰ
1384 782 1582 837 πρόστιμα
1617 787 1696 825 τῶν
1723 783 1817 838 ἡμε-

163 861 287 915 τέρων
320 858 581 917 ἀσεβημάτων
613 864 894 915 περιθέμενος,
940 859 1011 915 οὐχ
1043 859 1290 915 ἡμιθνῆτας,
1335 857 1439 903 ἀλλά
1473 859 1539 904 καὶ
1581 860 1747 915 πάμπαν
1779 863 1819 904 ἕν

163 937 339 994 μνήμασι
370 936 437 983 καὶ
465 936 610 993 τάφοις
633 938 813 993 μυσαρές
843 935 914 994 ἤδη
940 936 1005 980 καὶ
1036 936 1238 986 ὀδωδότας
1270 937 1494 995 ἀναλαβών,
1528 938 1654 982 πάλαι.
1684 958 1725 982 τε
1753 937 1818 982 καὶ

95 1027 140 1061 10
166 1019 236 1060 νῦν
269 1019 395 1071 σπεδῇ
428 1019 475 1071 τῇ
508 1014 807 1071 φιλανθρώπῳ,
845 1015 956 1071 παρά
991 1019 1126 1059 πᾶσαν
1157 1013 1227 1071 τὴν
1262 1015 1438 1060 ἑτινοσέν
1474 1015 1580 1072 ἡμῶν
1614 1036 1655 1060 τε
1689 1017 1820 1061 αὐτῶν

164 1093 319 1148 ἐλπίδα,
355 1092 468 1145 σώζει
502 1112 544 1137 τε
578 1092 644 1137 καὶ
679 1097 759 1137 τῶν
792 1097 836 1137 τῦ
864 1090 1019 1149 πατρὸς
1048 1093 1213 1148 ἀγαθῶν
1247 1094 1449 1149 ἀφθονίαν
1482 1095 1761 1149 μεταδίδωσιν,
1798 1095 1818 1138 ὁ

165 1168 372 1223 ζωοποιὸς,
407 1171 428 1214 ὁ
463 1170 717 1228 φωταγωγὸς,
753 1171 774 1215 ὁ
801 1172 919 1228 μέγας
951 1171 1059 1227 ἡμῶν
1088 1170 1224 1227 ἰατρὸς
1256 1170 1321 1214 καὶ
1350 1172 1536 1229 βασιλεύς
1571 1171 1636 1216 καὶ
1672 1173 1818 1228 κύριος,

164 1248 185 1292 ὁ
219 1246 397 1304 Χριστὸς
430 1252 501 1293 τοῦ
529 1253 641 1293 θεοῦ.
694 1247 796 1293 ἀλλά
832 1249 924 1293 τότε
948 1249 1018 1304 μὲν
1053 1247 1161 1301 ἅπαξ
1195 1251 1236 1293 ἐν
1269 1248 1377 1293 νυκτὶ
1414 1251 1563 1307 ζοφερᾷ
1593 1249 1658 1294 καὶ
1690 1250 1818 1306 σκότῳ
1839 1257 1886 1296 13

163 1331 304 1383 βαθεῖ,
335 1326 531 1382 δαιμόνων
565 1326 778 1383 ἀλιτηρίων
810 1326 981 1377 πλάναις
1015 1326 1080 1370 καὶ
1109 1331 1311 1382 θεομισῶν
1344 1328 1575 1383 πνευμάτων
1612 1330 1821 1385 ἐνεργείαις

94 1417 136 1450 15
163 1408 243 1448 πᾶν
278 1401 324 1448 τὸ
357 1408 437 1448 τῶν
471 1403 696 1459 ἀνθρώπων
739 1406 848 1460 γένος
891 1407 1258 1461 κατορωρυγμένον,
1304 1403 1404 1449 αὐτό
1438 1405 1560 1461 μόνον
1603 1405 1819 1462 ἐπιφανεὶς,

163 1479 268 1531 ῶςάν
299 1484 396 1538 κηρῖἰ
429 1483 685 1532 διατακέντος
715 1490 802 1532 ταῖς
836 1483 935 1526 αὗτέ
962 1487 1101 1540 βολαῖς
1134 1487 1179 1527 τέ
1214 1483 1348 1539 φωτὸς
1381 1481 1454 1533 τὰς
1486 1486 1713 1534 πολυθέτιις
1742 1488 1821 1528 τῶν

162 1558 423 1618 ἀσεβημάτων
455 1560 564 1616 ἡμῶν
598 1558 734 1615 σειροὶς
768 1561 988 1605 διελύσατο.
1039 1565 1109 1604 νῦν
1137 1561 1172 1605 δ’
1205 1560 1267 1605 ἐπὶ
1298 1566 1346 1616 τῇ
1378 1562 1552 1618 τοσαύτῃ
1587 1562 1718 1619 χοίριτι
1753 1561 1818 1606 καὶ
1839 1566 1888 1606 14

161 1638 362 1696 εὐεργεσίᾳ
384 1641 430 1682 τέ
450 1638 645 1693 μισοκοὶλε
667 1637 797 1693 φθόνε
822 1638 887 1683 καὶ
909 1638 1153 1695 φιλοπονήρε
1174 1640 1360 1695 δαίμονος
1380 1639 1559 1696 μονονεχὶ
1587 1641 1820 1697 διαῤῥηγνυ-

161 1717 264 1772 μένε,
295 1714 361 1760 καὶ
383 1714 517 1765 πάσας
541 1716 642 1759 αὖτιῖ
672 1716 746 1765 τάς
773 1715 1048 1766 θανατοποιὲς
1068 1717 1166 1761 καθ’
1190 1718 1299 1773 ἡμῶν
1326 1718 1681 1773 ε’πιστρατεύοντος
1699 1718 1820 1762 δυνά-

93 1810 139 1842 20
161 1812 260 1850 μεις,
296 1791 361 1837 καὶ
395 1791 448 1837 τά
475 1793 546 1848 μὲν
578 1798 721 1849 πρῶτα
754 1794 870 1844 κυνὸς
898 1796 1005 1851 δίκην
1038 1799 1272 1849 λυττῶντος,
1305 1792 1400 1844 τοὺς
1424 1795 1593 1845 ὀδόντας
1628 1795 1688 1839 ἐπὶ
1723 1797 1820 1845 τούς

163 1872 368 1928 ἀφιεμένες
401 1871 483 1914 κατ’
521 1871 620 1915 αὗτῦ
654 1872 770 1921 λίθος
803 1872 1177 1928 προσαράττοντος,
1214 1872 1279 1916 καὶ
1315 1871 1383 1916 τὸν
1417 1874 1521 1917 κατά
1555 1878 1636 1917 τῶν
1671 1875 1820 1928 ἀμυνο-

161 1951 286 2005 μένων
315 1949 449 2006 θυμὸν
475 1947 538 1993 ἐπὶ
572 1949 622 1992 τά
653 1948 790 2006 ἄψυχα
810 1949 994 2008 βλήματα
1018 1952 1243 2005 καθιέντος,
1278 1958 1362 2000 τοῖς
1389 1956 1470 1995 τῶν
1500 1954 1820 2009 προσευκτηρίων

164 2028 294 2076 λίθοις
327 2025 393 2071 καὶ
427 2034 515 2076 ταῖς
548 2030 628 2070 τῶν
661 2026 779 2070 οἷ’κων
815 2028 985 2085 ἀψύχοις
1019 2028 1132 2078 ὕλαις
1169 2027 1240 2084 τὴν
1277 2028 1455 2086 θηριώδη
1488 2031 1634 2084 μανίαν
1668 2032 1821 2086 ἐπερείυ

164 2122 321 2159 σαντος,
356 2103 517 2161 ἐρημίαν
550 2123 606 2158 τε,
642 2103 695 2153 ῶς
724 2123 763 2160 γε
794 2105 839 2160 δὴ
876 2107 998 2156 αὐτὸς
1033 2109 1160 2160 ἑαυτῷ
1188 2105 1300 2162 ᾤετο,
1331 2111 1412 2151 τῶν
1445 2109 1662 2163 ἐκκλησιῶν
1696 2110 1820 2165 ἀπερ-

95 2193 139 2225 25
166 2183 377 2239 γασαμένε,
412 2185 499 2226 εἶτα
533 2182 574 2226 δὲ
608 2180 715 2226 δεινοὶ
743 2184 964 2239 συρίγματα
997 2183 1063 2228 καὶ
1094 2185 1168 2235 τάς
1199 2184 1380 2241 ὀφιώδεις
1415 2186 1513 2229 αὖτὲ
1545 2184 1693 2240 φωνὰς,
1729 2187 1821 2231 τοτὲ

163 2260 232 2315 μὲν
267 2260 421 2318 ἀσεβῶν
453 2259 654 2316 τυράννων
687 2260 881 2314 ἀπειλαῖς,
915 2261 1006 2306 τοτὲ
1038 2261 1077 2306 δὲ
1111 2263 1361 2320 βλασφήμοις
1390 2266 1588 2320 δυσσεβῶν
1620 2262 1820 2319 ἀρχόντων

164 2337 388 2390 διατάξεσιν
419 2338 625 2393 ἀφιέντος,
669 2336 734 2382 καὶ
770 2340 933 2395 προσέτι
968 2337 1038 2383 τόν
1078 2340 1176 2385 αὐτό
1213 2341 1395 2385 θάνατον
1432 2343 1719 2396 ἐξερευγομένε,
1755 2342 1820 2386 καὶ

163 2423 248 2465 τοῖς
281 2416 413 2460 ἰῶδεσι
452 2414 517 2459 καὶ
552 2415 837 2473 ψυχοφθόροις
871 2419 1118 2473 δηλητηριόις
1153 2416 1226 2468 τὰς
1259 2418 1520 2473 ἁλισκομένας
1561 2419 1661 2475 πρὸς
1695 2420 1821 2464 αὐτοῦ

164 2491 299 2551 ψυχὰς
333 2493 655 2550 φαρμάττοντος,
691 2492 757 2537 καὶ
787 2494 968 2551 μονονιιχὶ
1006 2500 1212 2552 νεκρέντος
1241 2504 1329 2544 ταῖς
1362 2500 1440 2539 τῶν
1473 2500 1621 2552 νεκρῶν
1649 2496 1820 2541 εἰδώλων

96 2584 139 2616 30
164 2579 410 2628 νεκροποιοῒς
436 2571 613 2625 θυσίαις,
645 2571 778 2614 πάντα
813 2591 855 2615 τε
891 2572 1237 2630 ἀνθρωπόμορφον
1270 2577 1380 2629 θῆρα
1412 2572 1476 2617 καὶ
1506 2574 1640 2617 πάντα
1671 2575 1821 2630 τρόπον

166 2647 300 2706 ἄγριον
325 2649 424 2693 καθ’
451 2648 559 2704 ἡμῶν
586 2649 916 2705 ὑποσαλεύοντος,
953 2648 1075 2700 αὖθις
1104 2653 1143 2703 ἐξ
1168 2651 1343 2707 ’ὑπαρχῆς
1373 2650 1393 2694 ὁ
1417 2656 1487 2707 τῆς
1509 2651 1678 2708 μεγάλης
1701 2657 1819 2709 βολῆς
1838 2659 1886 2699 15

165 2725 348 2784 ἅγγελος,
382 2726 403 2771 ὁ
433 2728 553 2783 μέγας
588 2727 901 2784 ἀρχιστράτηγος
935 2733 978 2771 τῦ
1011 2732 1106 2783 θειῖ,
1149 2729 1248 2784 μετὰ
1285 2726 1355 2784 τήν
1389 2728 1568 2786 αὐτάρκη
1604 2737 1819 2786 διαγυμνα-

166 2805 268 2859 σίαν,
298 2801 345 2860 ἢν
366 2806 405 2848 οἱ
425 2805 599 2861 μέγιστοι
632 2808 702 2860 τῆς
728 2805 828 2848 αὐτό
857 2807 1060 2861 βασιλείας
1091 2810 1331 2862 στρατιῶται
1352 2805 1416 2850 διὰ
1443 2811 1512 2863 τῆς
1536 2806 1635 2864 πρὸς
1659 2808 1819 2852 ἅπαντα

164 2960 256 2994 poor.
283 2949 324 2984 de
339 2951 428 2984 Flat.
453 2952 541 2992 init„
566 2961 598 2994 p.
618 2954 662 2988 78
681 2949 734 2983 ed.
752 2950 877 2996 Foes.)‚
903 2962 989 2994 quae
1015 2952 1135 2984 cadem
1154 2952 1336 2985 laudantur
1359 2958 1392 2986 et
1409 2953 1451 2986 ab
1479 2954 1557 2986 aliis
1584 2954 1818 2997 scriptoribus,

165 3008 273 3042 veluti
298 3019 319 3042 a
341 3009 494 3044 Luciano
520 3011 556 3042 in
581 3010 641 3042 Bis
666 3010 792 3043 Aecus.
819 3020 849 3043 c.
877 3015 909 3047 1.
934 3022 967 3054 p.
994 3015 1039 3048 49
1067 3011 1119 3044 ed.
1146 3012 1221 3055 Bip.
1262 3010 1312 3043 Cf.
1339 3022 1426 3054 quae
1453 3013 1653 3055 interpretes
1679 3013 1819 3046 adnota-

166 3070 288 3100 verunt
311 3066 355 3100 ad
377 3068 523 3103 Luciani
548 3068 571 3101 l.
602 3079 631 3102 c.
657 3068 755 3102 Tom.
772 3068 848 3103 VH.
873 3081 907 3114 p.
935 3075 1004 3107 400
1035 3069 1087 3103 ed.
1117 3069 1192 3113 Bip.
1221 3070 1226 3113 Ι
1263 3075 1318 3107 15.
1343 3066 1430 3104 αὐτὸ
1456 3067 1587 3115 μόνον]
1615 3068 1719 3106 αὐτὸς
1744 3069 1817 3117 μό-

167 3135 223 3159 νος
250 3128 342 3160 axS.
