2068 3406
233 182 320 226 394

281 303 324 337 ad
349 304 540 337 Minucium
564 302 767 336 Fundanum
794 307 948 343 125,10.
986 304 1029 336 cf.

282 368 367 403 151,
394 368 449 399 19.
497 363 607 394 Marci
639 361 808 394 Antonini
844 362 895 403 (ut
924 362 1030 395 Euse-

280 423 357 454 bius
397 421 519 453 tradit:
558 431 676 452 revera
710 421 757 452 M.
794 420 948 464 Aurelii)
987 421 1029 453 ad

280 490 458 513 commune
496 480 599 511 Asiae
646 483 731 519 128,
769 484 824 515 17.

279 539 516 577 Constantini,

889 479 1029 518 Galerii,

566 537 692 569 Licinii
741 538 782 569 de
826 538 1028 570 Christianis

281 603 359 637 310,
385 602 417 633 8.
457 597 638 628 Maximini
665 601 744 635 354,
772 601 826 632 11.
865 597 1027 629 Constan-

279 657 340 688 tini
367 661 400 688 et
429 656 551 688 Licinii
579 660 656 693 575,
684 659 740 690 26.

234 716 461 748 Romanorum
480 715 719 757 imperatorum
739 714 922 756 epistolae:
949 714 1028 746 Gal—

279 774 361 806 lieni
383 773 425 805 ad
438 773 646 815 Dionysium
664 777 697 804 et
715 772 865 814 reliquos
878 773 1029 815 Aegypti

281 833 459 875 episcopos
488 836 565 871 260,
589 837 643 867 15.
681 831 861 863 Maximini
884 831 926 863 ad
946 832 1028 863 civi-

280 896 383 924 tatem
396 891 579 932 Tyriorum
607 895 685 929 543,
711 895 764 926 15.
804 889 847 921 ad
867 890 1030 921 Sabinum

280 950 488 993 praefectum
511 950 678 991 praetorio
701 954 779 987 351,
798 953 828 984 1.
866 948 1030 980 Constan-

283 1009 346 1039 tini
365 1008 407 1040 ad
420 1008 608 1039 Anulinum
629 1008 715 1039 duae
737 1011 815 1046 378,
833 1011 865 1043 8.
884 1011 1030 1047 581,28.

281 1067 433 1109 ejusdem
459 1067 604 1110 epistola
624 1066 666 1098 ad
691 1065 900 1104 Miltiadem,
927 1066 1031 1109 episc.

282 1137 364 1158 rom.
391 1130 470 1165 578,
498 1131 552 1162 25.
603 1125 645 1157 ad
672 1124 861 1164 chrestum,
887 1124 1030 1166 Syracu-

282 1196 441 1217 sanorum
467 1185 665 1227 episcopum
693 1187 770 1222 379,
789 1188 845 1218 23.
881 1183 923 1214 ad
950 1183 1031 1215 Cae-

282 1244 444 1276 cilianum
463 1244 567 1286 episc.
588 1242 748 1284 Carthag.
776 1245 854 1281 580,
876 1246 930 1277 51.
966 1242 1032 1274 His

282 1302 369 1334 adde
395 1302 573 1345 epistolam
594 1300 723 1339 Sabini,
747 1300 910 1342 praefecti
937 1311 1030 1342 prae-

282 1362 380 1401 torio,
398 1362 504 1392 missa
526 1360 567 1392 ad
586 1359 760 1402 praesides
779 1359 1032 1400 provinciarum

284 1419 423 1451 orientis
444 1429 485 1450 ex
504 1418 663 1450 mandato
682 1417 864 1448 Maximini
884 1421 961 1457 558,
975 1422 1031 1452 22.

237 1478 430 1520 Scriptores
449 1476 595 1519 gentiles
613 1476 782 1508 Eusebius
800 1486 860 1517 pro
887 1476 1032 1508 testibus

281 1541 523 1569 commemorat
571 1535 663 1567 haud
708 1534 867 1567 indicatis
917 1545 1032 1566 eorum

282 1595 478 1628 nominibus
515 1600 579 1635 49,
614 1599 669 1630 20.
703 1599 757 1630 27.
801 1598 863 1634 92,
894 1599 912 1629 2
951 1593 1032 1635 (ubi

936 183 1095 226 INDEX
1133 183 1177 226 Π.

1134 301 1350 345 significatur
1373 301 1526 334 Bruttius
1550 300 1757 336 historicus:
1781 313 1882 346 quem

1133 362 1238 405 vide).
1274 367 1329 402 93,
1356 366 1413 397 22.
1441 364 1519 401 118,
1547 365 1602 397 15.
1629 365 1706 401 169,
1734 365 1790 399 28-
1838 362 1882 395 cf·

1133 424 1307 463 praeterea
1330 430 1362 450 v.
1388 418 1542 459 Plinius,
1565 429 1598 451 v.
1622 418 1846 463 Porphyrius.

1087 479 1283 521 Serapionis
1305 477 1450 520 epistola
1471 476 1633 510 adversus
1646 477 1882 523 Cataphrygas

1136 542 1214 577 187,
1242 541 1297 573 13.
1333 535 1486 577 ejusdem
1510 535 1599 568 liber
1626 535 1668 569 de
1692 536 1882 582 Evangelio

1134 596 1227 628 Petri
1255 600 1333 634 212,
1361 600 1417 631 15.

1088 656 1351 698 Smyrnaeorum
1370 652 1515 696 epistola
1534 652 1577 684 ad
1599 652 1884 689 Philomelienses

1136 714 1176 745 ‹le
1196 712 1358 755 martyrio
1380 711 1563 754 l'olycarpi
1583 716 1662 754 131,
1678 709 1734 749 21.
1756 718 1834 756 138,
1851 720 1883 752 5.

1135 773 1178 804 cf.
1210 774 1288 811 138,
1315 774 1334 806 7
1362 781 1456 812 seqq.

1088 830 1217 873 Synodi
1251 829 1495 862 Antiochensis
1531 828 1677 872 epistola
1710 829 1752 862 de
1775 830 1883 864 Paulo

1135 890 1356 921 Samosateno
1391 888 1433 919 ad
1466 888 1675 931 Dionysium
1709 899 1885 922 romanum

1136 952 1168 979 et
1185 948 1335 989 reliquos
1352 947 1530 990 episcopos
1551 952 1630 987 276,
1644 951 1702 985 28.
1729 948 1773 980 cf.
1790 958 1885 992 prae-

1136 1012 1227 1038 terea
1253 1017 1285 1037 v.
1312 1006 1410 1037 Acta.
1835 1001 1845 1009 “

1091 1065 1238 1097 Tatiani
1265 1064 1359 1096 Orat.
1387 1063 1430 1096 ad
1457 1065 1608 1097 Graecos

1184 1134 1213 1156 c.
1242 1128 1296 1159 18-
1324 1142 1366 1147 —
1393 1134 1425 1166 p.
1455 1128 1533 1163 140,
1561 1128 1616 1159 10.

1185 1187 1297 1219 c.19.
1323 1201 1366 1206 —
1393 1193 1425 1224 p.
1455 1186 1615 1221 140,15.

1090 1242 1293 1274 Tertulliani
1320 1240 1467 1283 Apolog.

1184 1311 1213 1332 c·
1241 1305 1272 1335 2.
1301 1318 1344 1323 -
1369 1310 1402 1342 p.
1431 1302 1509 1340 108,
1535 1303 1591 1335 26.

1185 1369 1213 1390 e.
1241 1363 1272 1394 5.
1299 1376 1342 1382 —
1361 1368 1395 1400 p.
1413 1362 1531 1397 44,10
1546 1367 1640 1400 seqq.
1660 1361 1715 1397 71,
1733 1361 1776 1393 23
1792 1366 1885 1398 seqq.

1233 1421 1289 1456 93,
1318 1421 1373 1452 15·
1402 1421 1481 1457 170,
1508 1420 1527 1453 7
1550 1426 1644 1459 seqq.

1091 1475 1282 1507 Theoetisti
1295 1475 1451 1518 Epistola
1463 1474 1505 1507 ad
1516 1475 1728 1507 Demetrium
1740 1479 1818 1514 220,
1832 1477 1886 1510 29-

1091 1534 1226 1566 Titulus
1261 1538 1392 1566 statuae
1423 1533 1639 1566 Constantini
1673 1531 1886 1575 imperatoris

1140 1598 1218 1632 550,
1247 1597 1301 1628 15.
