2068 3342
192 142 231 170 iv
864 118 1164 162 PRAEFATIO.

193 248 354 311 qnippe
390 243 523 292 editio
556 240 798 290 Valesiana
840 255 929 287 non
974 240 1105 287 modo
1148 237 1410 302 pravissima
1451 235 1623 285 laborat
1667 238 1837 284 ratione

192 331 553 398 interpungendi,
588 332 713 390 cujus
739 344 876 392 saepe
905 336 1025 376 tanta
1050 335 1118 377 est
1144 327 1435 391 perversitas‚
1469 332 1516 372 ut
1541 333 1689 373 rectus
1725 341 1839 373 sen-

195 425 427 473 tentiarum
461 434 606 467 nexus
632 419 805 480 penitus
837 416 1035 464 turbetur
1059 424 1102 463 et
1128 416 1406 473 obscuretur,
1438 413 1517 460 sed
1542 414 1637 476 ipsa
1667 428 1840 475 quoque

195 512 423 575 scriptoris
460 509 599 555 orati0
638 514 697 553 tot
728 506 838 553 locis
874 507 1038 552 rectius
1068 508 1159 565 jam
1188 505 1391 551 constitui
1425 509 1572 564 potest
1602 516 1660 548 ex
1697 517 1842 565 appa-

195 609 292 649 ratu
335 599 632 654 Burtoniano7
677 601 723 641 ut
765 594 1015 656 exemplum
1050 593 1219 640 Valesii
1261 606 1350 638 non
1398 589 1674 637 emendatum
1716 590 1843 653 prelo

195 688 417 750 subjicere
441 685 645 746 religioni
680 681 918 729 habuerim.
989 682 1089 743 quid
1119 680 1235 743 quod
1261 682 1357 743 ipse
1380 679 1691 726 Heiniclienius
1726 685 1770 725 et
1801 679 1844 724 in

197 774 508 838 Corrigendis,
544 787 657 834 quae
682 771 860 818 editioni
891 786 999 818 suae
1029 769 1206 829 adjecit,
1231 777 1274 816 et
1295 770 1336 815 in
1357 768 1684 831 Supplementis
1710 774 1846 814 nota-

196 881 317 926 rum,
363 878 477 927 quae
508 868 610 925 post
646 860 880 907 editionem
917 860 1229 906 Burtonianam
1264 858 1475 921 peculiari
1517 856 1667 904 libello
1711 856 1847 903 evul—

198 956 338 1019 gavit,
366 952 453 1000 hoc
476 948 739 998 emendandi
770 948 912 996 studio
941 949 1141 1009 graviter
1169 947 1441 1009 praeiverat,
1469 952 1599 1007 atque
1633 944 1689 992 de
1724 951 1849 992 textu

199 1045 364 1092 rectius
399 1038 706 1088 constituendo
741 1044 1033 1100 praeceperat
1067 1036 1216 1095 multa,
1253 1049 1436 1096 quorum
1462 1035 1676 1081 rationem
1707 1048 1849 1097 opor-

200 1132 321 1181 tebat
352 1128 505 1177 haberi
543 1127 596 1174 ab
641 1126 811 1173 editore
854 1125 1063 1173 historiae
1098 1123 1380 1172 Eusebianae
1424 1123 1676 1171 recentiori.
1752 1137 1851 1169 nam

203 1222 286 1269 etsi
320 1220 537 1267 lectiones
573 1218 798 1274 meliores„
836 1229 949 1277 quae
985 1229 1009 1259 a
1032 1214 1213 1260 Burtoni
1244 1211 1469 1259 codicibus
1504 1210 1852 1274 suppeditantur‚

201 1323 388 1374 perraro
419 1307 601 1354 valeant
636 1305 691 1351 ad
722 1306 979 1351 universam
1011 1302 1238 1364 scriptoris
1277 1301 1537 1348 sententiam
1575 1302 1740 1357 rectius
1778 1301 1853 1346 in—

203 1395 491 1458 telligendam
535 1394 611 1442 vel
655 1391 990 1455 explicandam,
1042 1404 1238 1436 summae
1289 1396 1434 1434 tamen
1485 1395 1607 1436 esset
1645 1389 1854 1446 levitatis7

203 1486 467 1547 negligere‚
504 1481 710 1545 quidquid
750 1479 804 1526 ad
843 1477 1159 1527 restituendam
1196 1477 1317 1525 valet
1356 1477 1593 1538 genuinam
1628 1477 1855 1539 scriptoris

205 1588 392 1622 manum.

337 1661 400 1709 At
434 1661 550 1707 enim
584 1671 697 1706 vero
733 1671 823 1703 non
853 1654 953 1701 mihi
986 1655 1130 1701 visum
1165 1660 1233 1700 est
1267 1649 1638 1713 acquiescendum
1674 1665 1778 1698 esse
1813 1651 1857 1697 in

209 1748 478 1812 corrigenda
512 1748 584 1794 hic
613 1746 699 1793 illic
729 1745 946 1806 scriptura
965 1740 1146 1790 Eusebii
1175 1741 1371 1801 vulgata.
1427 1746 1550 1786 recte
1586 1740 1702 1786 enim
1726 1730 1872 1786 hodie

209 1839 478 1888 intellectum
502 1842 586 1895 est,
609 1849 699 1881 non
724 1848 821 1879 eam
842 1847 946 1880 esse
967 1845 1121 1877 veram
1140 1827 1405 1876 recensendi
1427 1829 1610 1889 alicujus
1632 1828 1859 1891 scriptoris

210 1928 344 1992 prisci
377 1927 610 1982 rationem,
644 1930 691 1969 ut
715 1922 942 1982 vulgatus,
977 1918 1241 1981 (pudicitur,
1277 1924 1425 1965 textus
1454 1916 1725 1964 fundamenti
1758 1917 1860 1963 loco

211 2022 416 2081 ponatur,
451 2012 525 2060 ubi
558 2011 763 2058 idoneam
798 2009 1139 2072 explicationem
1175 2006 1392 2065 admittat„
1427 2007 1603 2067 integer
1638 2011 1862 2064 servetur,

213 2103 288 2152 ubi
332 2102 622 2151 offensionem
672 2097 859 2157 habeat3
911 2096 1110 2143 codicum
1158 2096 1402 2157 aliquorum
1450 2109 1537 2157 ope
1591 2093 1861 2141 emendetur.

214 2194 329 2242 haec
372 2188 641 2239 recensendi
687 2185 1037 2247 emendandiqne
1072 2186 1363 2232 inconstantia
1408 2198 1463 2230 eo
1516 2184 1656 2230 minus
1701 2182 1890 2230 admitti-

216 2281 355 2346 potuit
387 2281 432 2326 in
454 2277 638 2327 Eusebii
672 2277 853 2324 historia
874 2274 1192 2332 ecclesiastica,
1229 2272 1345 2333 quod
1374 2272 1501 2333 hujiis
1530 2273 1678 2335 operis
1713 2276 1863 2318 textus

217 2369 456 2430 vulgatus,
499 2367 759 2415 constitutus
806 2364 880 2410 ille
916 2378 941 2408 a
975 2360 1171 2408 Roberto
1207 2359 1458 2423 Stephano,
1502 2360 1628 2407 fluxit
1672 2358 1770 2405 fere
1805 2374 1865 2405 ex

220 2456 391 2506 Codice
422 2455 570 2517 Regio
606 2471 660 2511 a,
697 2454 892 2514 exiguae
928 2451 1196 2497 auctoritatis
1235 2447 1375 2507 libro„
1408 2454 1702 2508 servatusque
1738 2454 1806 2494 est
1841 2463 1866 2493 a

221 2545 406 2594 Valesio
440 2557 579 2606 saepe
613 2543 751 2589 invito
783 2547 826 2587 et
859 2540 1088 2586 meliorum
1122 2553 1276 2600 gnaro.
1344 2540 1490 2599 itaque
1514 2535 1558 2581 id
1581 2535 1682 2582 mihi
1716 2550 1867 2596 agen-

224 2635 324 2682 dum
356 2646 461 2682 esse
485 2628 708 2689 videbam,
741 2630 941 2692 primum,
975 2634 1021 2674 ut
1048 2643 1073 2674 e
1102 2626 1224 2674 libris
1254 2627 1444 2689 sci-iptiS‚
1480 2639 1663 2687 quorum
1690 2623 1867 2671 discre-

223 2723 414 2789 pantiam
449 2719 647 2768 enotavit
663 2719 903 2777 Burtonus‚
939 2716 1183 2778 eligeretur
1216 2717 1270 2775 is,
1306 2716 1378 2777 qui
1411 2714 1613 2777 proxime
1649 2711 1869 2759 accedere

227 2811 453 2860 videretur
487 2808 543 2856 ad
575 2809 811 2871 genuinam
847 2807 1074 2869 scriptoris
1110 2819 1307 2864 manum,
1354 2801 1539 2861 deinde,
1574 2808 1621 2848 ut
1654 2799 1710 2847 ad
1743 2800 1871 2860 hujils

228 2899 328 2948 libri
371 2913 569 2948 normam
625 2895 978 2945 conformaretur
1019 2895 1256 2953 universa„
1309 2898 1514 2954 quantum
1563 2890 1657 2937 fieri
1702 2895 1872 2952 posset,

232 2988 458 3051 scriptoris
492 2987 650 3035 oratio.
