2052 3422
134 996 178 1029 10

133 1393 174 1425 15

131 1780 176 1812 20

132 2169 176 2202 25

133 2560 178 2594 30

626 156 798 199 EUSEB.
831 156 952 198 HIST.
984 155 1130 198 ECCL.
1181 156 1269 198 LIB.
1302 156 1331 210 1,
1364 156 1400 198 3.
1803 159 1855 200 13

204 300 282 338 μου
312 284 352 327 εἶ
380 281 450 336 σύ,
493 281 565 339 ἐγώ
602 280 771 338 σήμερον
803 278 1005 337 γεγέννηκά
1041 298 1095 325 σε.
1163 280 1341 338 Αἴτησαι
1381 281 1471 338 παρ’
1509 283 1607 338 ἐμοῦ
1642 279 1707 326 καὶ
1743 281 1857 327 δώσω

207 378 270 404 σοι
298 361 394 416 ἔθνη
424 360 495 416 τῆν
529 360 790 416 κληρονομίαν
821 378 907 414 σου,
943 357 1010 403 καὶ
1041 359 1112 414 τὴν
1143 359 1380 415 κατάσχεσίν
1408 379 1480 405 σου
1514 357 1567 404 va*
1603 361 1757 418 πέρατα
1789 365 1859 417 τῆς

204 436 314 494 γῆς.“
362 437 408 481 οὗ
432 437 576 494 μόνους
610 437 651 482 δὲ
680 436 762 494 ἄρα
793 434 889 486 τούς
915 436 1179 494 ἀρχιερωσύνη
1205 440 1490 494 τετιμημένους,
1526 439 1645 493 ἐλαίῳ
1675 443 1855 494 σκευαςῷ
1901 449 1926 486 7

205 519 276 560 τοῦ
311 515 484 574 συμβόλε
517 518 718 573 χριομένες
754 517 886 570 ἕνεκα,
924 517 970 560 τὸ
1007 519 1052 559 τῦ
1085 519 1239 572 Χριστέ
1270 516 1502 573 κατεκόσμει
1535 517 1626 574 παρ’
1659 516 1857 575 Ἑβραίοις

206 592 344 651 ὄνομα,
380 594 485 638 ἄλλα
519 592 585 637 καὶ
611 592 705 644 τοὺς
737 594 939 652 βασιλέας,
970 591 1039 643 οὓς
1062 593 1127 637 καὶ
1152 591 1299 644 αὐτοὺς
1327 594 1487 650 νεύματι
1521 596 1621 650 θείῳ
1654 600 1856 651 προφῆται

203 673 380 728 χρίοντες
411 671 626 722 εἶκονικούς
659 692 768 722 τινας
801 672 1006 728 Χριστοὺς
1036 671 1335 729 ἀπειργάζοντο,
1371 671 1430 717 ὅτι
1459 673 1503 730 δη
1540 672 1605 718 καὶ
1641 673 1755 718 αὐτοὶ
1788 678 1858 730 τῆς

204 754 277 794 τοῦ
310 750 433 806 μόνου
470 749 534 794 καὶ
567 751 745 808 ἀληθοῦς
775 755 958 807 Χριστοῦ
993 753 1064 794 τοῦ
1103 748 1206 794 κατὰ
1241 749 1400 795 πάντων
1431 751 1711 809 βασιλεύοντος
1742 753 1855 796 θείου

204 828 322 884 λόγου
356 832 560 886 βασιλικῆς
603 828 670 873 καὶ
706 829 866 885 ἀρχικῆς
901 829 1081 881 ἐξουσίας
1122 829 1218 878 τούς
1253 827 1402 878 τύπους
1437 829 1481 872 δι’
1520 831 1672 873 ἑαυτῶν
1704 830 1856 886 ἔφερον.

203 905 275 964 ἥδη
304 907 344 951 δὲ
374 905 440 951 καὶ
476 905 608 950 αὐτῶν
642 910 717 950 τῶν
744 911 960 963 προφητῶν
987 904 1096 956 τινας
1120 905 1186 950 &ci
1216 908 1434 964 χρίσματος
1452 905 1656 964 Χριστοὺς
1679 909 1720 951 ἐν
1745 907 1854 962 τύπῳ
1900 913 1927 952 8

203 985 394 1043 γεγονέναι
426 983 734 1041 παρειλήφαμεν,
771 983 823 1034 ῶς
856 984 1026 1034 τούτους
1059 983 1241 1034 ἅπαντας
1274 985 1345 1040 τὴν
1379 984 1441 1029 ε’πὶ
1476 984 1545 1030 τὸν
1581 986 1714 1043 ἀληθῆ
1750 994 1856 1042 Χρι-

203 1063 319 1118 στὸν,
354 1061 422 1107 τὸν
456 1064 596 1107 ἔνθεον
629 1062 695 1108 καὶ
731 1062 918 1119 οὐράνιον
953 1062 1090 1119 λόγον,
1128 1061 1339 1120 ἀναφορὰν
1373 1065 1490 1120 ἔχειν,
1525 1064 1645 1120 μόνον
1675 1065 1858 1122 ἀρχιερέα

202 1144 281 1185 τῶν
309 1139 412 1185 ὅλων
438 1140 504 1185 καὶ
537 1140 657 1197 μόνον
692 1141 848 1198 ἁπάσης
866 1142 1030 1192 κτίσεως
1057 1144 1223 1200 βασιλέα
1246 1140 1312 1186 καὶ
1342 1140 1462 1196 μόνον
1494 1146 1710 1199 προφητῶν
1746 1143 1858 1199 ἀρχι-

201 1218 408 1277 προφῆτην
430 1223 504 1264 τοῦ
535 1216 689 1276 πατρός
721 1219 974 1276 τυγχάνοντα.
1031 1218 1176 1263 τούτου
1207 1220 1243 1263 δ’
1283 1218 1495 1275 ἀπόδειξις,
1529 1218 1575 1265 τὸ
1609 1222 1758 1277 μηδένα
1792 1240 1853 1265 πω
1902 1224 1926 1262 9

202 1301 281 1342 τῶν
314 1297 440 1342 πάλαι
476 1295 543 1341 διοὶ
580 1301 653 1341 τοῦ
688 1297 884 1354 συμβόλου
920 1299 1196 1355 κεχρισμὲνων,
1234 1298 1330 1354 μήτε
1370 1299 1502 1355 ἱερέων
1537 1298 1633 1355 μήτε
1664 1301 1856 1356 βασιλέων

200 1375 298 1432 μήτε
321 1375 398 1432 μὴν
422 1380 649 1432 προφητῶν,
676 1374 876 1430 τοσαύτην
909 1375 1052 1430 ἀρετῆς
1088 1377 1199 1419 §ves-‘⁸
1232 1375 1393 1432 δύναμιν
1427 1376 1676 1432 κτήσασθαι,
1708 1376 1802 1433 ὅσην
1835 1377 1855 1420 ὁ

202 1452 333 1509 σωτὴρ
367 1451 434 1498 καὶ
469 1453 604 1509 κύριος
635 1453 742 1509 ἡμῶν
759 1453 910 1509 Ἰησοῦς
942 1452 962 1496 ὁ
998 1453 1117 1508 μόνος
1147 1453 1212 1497 καὶ
1241 1454 1434 1510 ἀληθινὸς
1453 1455 1633 1512 Χριστὸς
1667 1456 1856 1499 ἐπιδέδει-

201 1551 302 1577 κται.
353 1532 454 1582 ἐδείς
487 1533 531 1588 γε’
556 1549 618 1575 τοι
646 1531 800 1575 ἐκείνων
833 1531 973 1585 καίπερ
1005 1530 1195 1586 ἀξιώματι
1228 1530 1293 1576 καὶ
1326 1537 1415 1588 τιμῇ
1439 1532 1500 1577 ἐπὶ
1530 1533 1708 1583 πλείςαις
1739 1533 1850 1583 ὅσαις
1875 1536 1926 1576 10

200 1617 346 1666 γενεαῖς
368 1607 481 1666 παροέ
515 1616 600 1657 τοῖς
634 1610 793 1658 οἰκείοις
818 1608 1131 1664 διαλαμψάντων
1166 1610 1262 1660 τούς
1295 1609 1492 1666 ὑπηκόους
1518 1611 1679 1655 πώποτε
1714 1612 1755 1655 ἐκ
1787 1615 1856 1667 τῆς

199 1687 287 1744 περὶ
322 1686 470 1737 αὐτοὺς
503 1688 694 1743 εἶκονικῆς
720 1691 795 1730 τοῦ
813 1692 993 1743 Χριστοῦ
1025 1687 1276 1743 προςρήσεως
1296 1686 1567 1744 Χριστιανοὺς
1601 1688 1854 1745 ε’πεφῆμισεν·

202 1766 285 1810 ἀλλ’
317 1766 408 1811 οὐδὲ
442 1764 655 1822 σεβάσμιός
689 1784 764 1809 τινι
796 1763 950 1808 τούτων
983 1762 1084 1821 πρὸς
1118 1769 1198 1809 τῶν
1230 1765 1414 1822 ὑπηκόων
1447 1765 1595 1822 ὑπῆρξε
1621 1766 1733 1822 τιμή·
1770 1767 1852 1810 ἀλλ’

201 1843 292 1888 οὐδὲ
319 1843 419 1900 μετὰ
448 1841 520 1900 τήν
546 1840 729 1898 τελευτὴν
754 1841 929 1899 τοσαύτη
961 1843 1152 1898 διάθεσις,
1190 1843 1243 1893 ὡς
1266 1843 1332 1888 καὶ
1360 1843 1726 1901 ὑπεραποθνήσκειν
1750 1846 1855 1888 ἑτοί-

198 1941 282 1979 μως
315 1923 411 1979 ἔχειν
444 1925 517 1966 τοῦ
551 1922 791 1978 τιμωμένου·
838 1921 918 1964 ἀλλ’
958 1921 1049 1966 οὐδὲ
1084 1920 1244 1966 πάντων
1285 1926 1365 1967 τῶν
1400 1920 1476 1966 ἀντὶ
1519 1921 1588 1978 τὴν
1628 1924 1856 1979 οἰκουμένην

200 2003 329 2045 ἐθνῶν
357 2002 450 2057 περί
481 2019 569 2044 τινα
602 2004 679 2044 τῶν
713 1998 804 2043 τότε
839 1999 1015 2057 τοσαύτη
1050 2002 1178 2057 γέγονε
1214 2001 1382 2057 κίνησις,
1417 1999 1498 2045 ἐπεὶ
1533 2000 1629 2058 μηδὲ
1663 2005 1857 2046 τοσοῦτον

201 2080 242 2122 ἐν
276 2080 436 2128 ε’κείνοις
469 2078 492 2134 ἦ
524 2081 568 2122 τῦ
601 2077 776 2135 συμβόλε
812 2077 974 2134 δύναμις
1011 2078 1075 2122 οἷά
1111 2098 1153 2123 τε
1181 2076 1228 2135 ἦν
1262 2081 1438 2134 ἐνεργεῖν,
1474 2077 1568 2123 ὅσον
1603 2079 1721 2135 ἦτῆς
1756 2079 1854 2135 ἀλη-

201 2156 317 2205 θείας
348 2155 602 2213 παράστασις
631 2154 697 2199 διοὶ
719 2160 792 2199 τοῦ
814 2161 992 2212 σωτῆρος
1023 2156 1130 2212 ἡμῶν
1159 2158 1448 2213 ε’νδεικνυμένη·
1480 2154 1524 2206 ὃς
1548 2156 1639 2202 οὔτε
1672 2157 1852 2216 σύμβολα
1874 2163 1921 2205 11

202 2232 268 2278 καὶ
306 2233 454 2283 τύπους
494 2232 782 2290 ἀρχιερωσύνης
815 2234 927 2290 παρά
961 2253 1032 2278 του
1074 2233 1227 2291 λαβὼν,
1273 2235 1355 2278 ἀλλ’
1403 2235 1493 2280 οὐδὲ
1535 2237 1643 2289 γένος
1682 2234 1727 2280 τὸ
1766 2235 1854 2292 περὶ

201 2314 317 2368 σῶμα
350 2313 391 2363 ἐξ
433 2312 650 2368 ἱερωμένων
683 2311 887 2368 κατάγων,
930 2313 1015 2356 οὐδ’
1054 2313 1208 2370 ἀνδρῶν
1249 2314 1507 2370 δορυφοριάις
1548 2313 1609 2358 ἐπὶ
1651 2315 1854 2372 βασιλειάν

201 2388 432 2446 προαχθεὶς,
468 2389 558 2434 οὐδὲ
580 2387 655 2445 μὴν
688 2389 894 2446 προφήτης
926 2390 1071 2446 ὁμοίως
1105 2398 1189 2440 τοῖς
1210 2390 1335 2435 πάλαι
1360 2391 1575 2448 γενόμενος,
1610 2392 1699 2436 οὐδ’
1739 2392 1854 2444 ἀξίας

202 2466 305 2516 ὅλως
338 2465 363 2523 ἦ
395 2485 502 2518 τινος
533 2465 644 2524 παρὰ
673 2467 881 2517 Ἰουδαίοις
910 2467 1036 2524 τυχῶν
1058 2470 1287 2526 προεδρίας,
1324 2469 1430 2525 ὅμως
1457 2478 1541 2520 τοῖς
1570 2474 1689 2517 πᾶσιν
1724 2472 1759 2514 εἰ
1786 2469 1852 2513 καὶ

201 2543 253 2602 μὴ
287 2552 371 2595 τοῖς
411 2544 642 2604 συμβόλοις,
688 2544 770 2588 ἀλλ’
808 2545 907 2601 αὐτῇ
941 2564 980 2602 γε
1012 2550 1058 2602 τῇ
1092 2547 1263 2603 ἀληθείᾳ
1297 2545 1408 2604 παρὰ
1441 2551 1513 2591 τοῦ
1549 2545 1703 2605 πατρὸς
1737 2547 1853 2591 κεκό-

203 2641 343 2680 σμητο.
393 2624 464 2681 οὐχ
497 2623 643 2680 ὁμοίων
678 2623 716 2666 δ’
748 2620 818 2667 οὖν
850 2623 908 2673 οἷς
934 2623 1223 2682 προειρήκαμεν
1249 2623 1386 2682 τυχῶν,
1418 2624 1576 2670 πάντων
1602 2626 1757 2670 ἐκείνων
1784 2623 1849 2670 καὶ
1871 2627 1921 2670 12

299 2808 332 2840 2.
358 2816 413 2837 σοι
440 2803 474 2846 G,
500 2815 566 2838 om.
592 2803 673 2837 ΓΗ.
705 2802 709 2847 Ι
743 2809 798 2840 12.
823 2810 901 2848 post
925 2803 1064 2849 ᾰποῖσης
1083 2805 1160 2838 add.
1188 2804 1250 2849 τῆς
1274 2808 1352 2839 aes
1367 2805 1439 2839 Vsa
1451 2806 1496 2847 H,
1522 2817 1587 2839 om.
1615 2805 1807 2848 csqhikB.
1837 2804 1845 2852 Ι

203 2860 396 2906 προφητῶν
421 2862 527 2896 deleri
551 2863 626 2896 vult
659 2863 720 2896 1⁷³.
742 2865 747 2906 Ι
780 2869 834 2900 15.
860 2865 934 2909 πω]
961 2878 1045 2899 ποτε
1071 2865 1104 2897 Ιι.
1127 2866 1132 2909 Ι
1163 2870 1217 2902 19.
1244 2862 1370 2898 αύτοίς
1396 2864 1414 2896 b
1440 2866 1474 2908 (a
1498 2875 1567 2898 sec.
1594 2865 1699 2907 man.)
1726 2864 1851 2898 elziko

211 2917 416 2964 VsaHHb‚
441 2919 551 2955 αὐτοῦ
575 2921 624 2955 ab
651 2922 686 2966 (a
709 2933 759 2966 pr.
786 2925 846 2967 m.)
873 2923 1053 2967 chSB.1
1086 2930 1141 2961 21.
1169 2921 1215 2957 ὠς
1230 2923 1379 2966 fqlzile,
1406 2920 1493 2957 ὥστε
1520 2923 1808 2958 acesVsaHB.
1842 2923 1847 2968 Ι

205 2982 263 3016 26.
290 2979 369 3024 του]
396 2977 506 3014 αὐτοῦ
530 2981 648 3024 eyklc.
672 2982 678 3025 Ι
701 2985 757 3018 28.
786 2979 985 3026 προφήτης]
1011 2979 1212 3028 προφήταις
1237 2982 1269 3015 lc.
1293 2982 1299 3025 Ι
1320 2980 1520 3027 γενόμενος]
1546 2986 1748 3027 γενομένοις
1773 2982 1852 3016 αεῘι

204 3037 430 3081 probantibus
458 3039 570 3073 BHb.
603 3041 608 3083 Ι
644 3046 699 3077 30.
726 3037 880 3085 πατρὸς]
907 3038 1105 3086 πνεύματος
1130 3044 1192 3076 eS.
1227 3042 1231 3085 Ι
1263 3038 1457 3085 κεκόσμητο
1493 3043 1598 3076 ceteri
1628 3047 1760 3086 praeter
1795 3041 1850 3077 αΙι

206 3094 382 3139 SVSaH,
408 3099 442 3130 in
468 3099 593 3142 quibus
624 3095 844 3143 ἐκεκόομητο.
