2068 3406
252 150 338 193 348
667 149 840 192 EUSEB.
870 149 992 193 HIST.
1023 149 1167 193 ECCL.
1218 151 1306 193 LIB.
1338 151 1405 204 lX,
1435 151 1474 194 9.

253 292 366 330 νεμον
398 280 482 322 τοῖς
512 276 654 328 πᾶσιν,
696 272 749 322 ῶς
782 273 1013 331 περιβόητον
1050 276 1103 323 εἰς
1133 272 1287 323 πάντας
1322 273 1535 330 ἀνθρώπες
1569 279 1813 333 καταστῆναι
1845 277 1892 322 τὸ

249 356 425 408 πρᾶγμα,
458 351 553 395 θεόν
587 370 628 394 τε
657 354 735 394 τῶν
758 356 1010 406 Χριστιανῶν
1045 351 1234 407 δοξάζειν,
1271 352 1441 409 εὐσεβεῖς
1467 372 1509 397 τε
1544 351 1762 410 καὶ’μο’νες
1794 363 1894 399 θεο-

251 435 375 487 σεβεῖς
407 428 519 478 τέτες
553 428 729 484 ἀληθῶς,
763 426 863 482 πρὸς
898 430 1028 473 αὐτῶν
1061 431 1311 486 ἐλεγχθέντας
1345 434 1425 473 τῶν
1457 429 1710 487 πραγμάτων,
1746 431 1894 489 ὁμολο-

183 509 233 552 15
250 515 337 563 γεῖν.
390 507 446 563 ἐφ’
472 507 531 556 οἷς
564 510 680 550 viror
713 508 999 562 ε’πιτελεμένοις
1027 505 1096 552 τὸν
1130 507 1321 563 τρόπονὸ
1355 510 1474 564 μέγας
1507 506 1573 552 καὶ
1604 508 1762 565 ἐράνιος
1788 516 1894 566 Χρι-

250 589 419 629 στιανῶν
453 584 676 640 ὑπέρμαχος
709 584 807 634 θεὸς
831 583 901 640 τὴν
934 584 1038 630 κατὰ
1071 585 1231 630 πάντων
1258 584 1484 641 ἀνθρώπων
1510 583 1576 629 διὰ
1607 590 1687 630 τῶν
1720 592 1892 645 δεδηλω-
1941 603 1962 636 5

246 664 371 718 μένων
384 661 672 717 ἐπιδειξάμενος
686 661 848 718 ἀπειλὴν
863 661 928 706 καὶ
943 662 1206 719 ἀγανάκτησιν
1220 663 1306 707 ἀνθ’
1324 660 1376 706 ῶν
1391 664 1444 712 εἰς
1456 662 1558 720 ἡμᾶς
1571 663 1896 722 ὑπερβαλλόντως

247 741 498 794 ἐνεδείξαντο,
534 737 605 795 τὴν
635 739 772 795 εὐμενῆ
794 739 858 784 καὶ
884 739 1057 796 φαιδρὰν
1091 745 1161 797 τῆς
1192 741 1289 785 αὐτὲ
1314 739 1402 796 περὶ
1436 740 1537 797 ἡμᾶς
1557 743 1748 798 προνοίας
1774 741 1896 795 αὐθις

246 818 335 874 ἡμῖν
369 816 488 874 αὐγὴν
523 817 735 872 ἀπεδίδου,
778 817 830 867 ὠς
864 820 903 861 ἐν
945 824 1070 876 βαθεῖ
1098 818 1226 873 σκότῳ
1262 817 1572 873 παραδοξότατα
1613 823 1699 876 φῶς
1734 820 1821 877 ἡμῖν
1854 823 1895 875 ἐξ

247 897 347 939 αὐτό
381 894 653 950 καταλάμπων
683 894 845 951 εἰρήνης,
880 897 1045 952 ἐκφανές
1077 915 1118 940 τε
1155 904 1237 946 τοῖς
1269 900 1367 940 πᾶσι
1400 896 1620 952 καθιστὰς,
1649 896 1746 942 θεόν
1775 896 1895 944 αὐτὸν

246 978 325 1018 τῶν
352 974 452 1017 καθ’
484 973 588 1029 ἡμᾶς
620 975 832 1017 ἐπίσκοπον
860 972 927 1017 aaa*
960 974 1111 1024 παντὸς
1143 976 1336 1031 γεγονέναι
1369 974 1623 1031 πραγμάτων,
1656 978 1895 1032 μαστίζοντα
1921 989 1965 1023 10

245 1052 315 1109 μὲν
347 1051 411 1096 καὶ
448 1051 513 1095 διὰ
545 1056 623 1095 τῶν
646 1051 916 1106 περιστάσεων
944 1050 1048 1096 κατὰ
1076 1054 1214 1108 καιρὸν
1239 1055 1526 1109 ἐπιστρέφοντα
1549 1051 1618 1098 τὸν
1651 1054 1752 1099 αὐτιῖ
1785 1052 1896 1110 λαὸν,

246 1129 366 1174 πάλιν
395 1130 432 1173 δ’
463 1127 514 1172 αὐ
544 1127 643 1185 μετὰ
678 1127 748 1184 τὴν
769 1129 949 1184 αὐτάρκη
978 1131 1158 1174 παιδείαν
1185 1130 1298 1175 ἵλεων
1316 1130 1380 1174 καὶ
1416 1132 1555 1188 εὐμενῆ
1581 1138 1665 1182 τοῖς
1697 1132 1753 1182 εἰς
1774 1133 1897 1178 αὐτόν

247 1205 322 1259 τιίς
355 1208 516 1258 ἐλπίδας
550 1208 676 1264 ἕχεσιν
708 1206 1035 1262 ἀναφαινόμενον.

953 1339 1102 1380 CAP.
1154 1339 1191 1380 9.

666 1426 758 1472 Περὶ
785 1423 847 1469 τῆς
873 1424 941 1459 τῶν
969 1423 1149 1471 θεοφιλῶν
1176 1426 1344 1469 βασιλέων
1372 1426 1477 1470 νίκης.
1921 1434 1964 1467 15

803 1491 892 1533 (Nic.
920 1491 965 1524 H.
992 1491 1030 1524 E.
1058 1491 1131 1532 vn,
1159 1491 1344 1536 29—31.)

209 1581 227 1621 1
380 1577 495 1622 Οὕτω
521 1577 566 1634 δὴ
596 1578 892 1632 Κωνσταντίνε,
929 1576 972 1620 ὂν
1000 1579 1165 1634 βασιλέα
1191 1578 1231 1621 ἐκ
1255 1577 1461 1635 βασιλέως,
1496 1576 1637 1636 εὐσεβῆ
1661 1595 1702 1621 τε
1724 1579 1766 1630 ἐξ
1785 1578 1898 1623 εὐσε-

243 1654 414 1712 βεστάτε
449 1655 516 1700 καὶ
558 1654 690 1700 πάντα
730 1655 1032 1711 σωφρονεστάτο
1066 1656 1258 1712 γεγονέναι
1291 1653 1601 1711 προειρήκαμεν,
1644 1656 1821 1700 Λικιννίε
1854 1674 1898 1700 τε

243 1752 288 1777 τε
301 1733 397 1788 ’μετ’
432 1734 568 1787 αὐτὸν,
604 1735 753 1777 συνέσει
788 1731 853 1777 καὶ
889 1733 1067 1789 εὐσεβείᾳ
1100 1733 1372 1788 τετιμημένων,
1406 1729 1507 1788 πρὸς
1540 1735 1586 1776 τῦ
1619 1734 1899 1790 παμβασιλέως

243 1814 316 1854 θειῖ
354 1828 396 1853 τε
429 1814 508 1854 τῶν
541 1810 642 1854 ὅλων
678 1810 744 1855 καὶ
785 1814 965 1866 σωτῆρος
1009 1809 1082 1853 δυό
1116 1813 1318 1865 θεοφιλῶν
1351 1807 1456 1853 κατὰ
1490 1813 1569 1853 τῶν
1603 1809 1673 1854 δύο
1714 1815 1897 1869 δυσσεβε-
1922 1827 1967 1860 20

244 1887 401 1933 στοὲτων
434 1887 636 1944 τυράννων
670 1888 1001 1944 ἀνεγηγερμένων,
1033 1889 1180 1943 πολέμι’
1214 1906 1255 1931 τε
1287 1886 1392 1942 νόμῳ
1426 1889 1788 1944 παραταξαμένων,
1823 1892 1899 1933 θεέ

245 1970 520 2023 συμμαχιῖντος
552 1965 715 2020 αὐτοῖς,
758 1964 1071 2021 παραδοξότατα
1113 1965 1245 2009 πίπτει
1278 1964 1348 2020 μὲν
1382 1963 1444 2008 ἐπὶ
1475 1964 1624 2021 Ῥώμης
1665 1963 1740 2010 ὑπὸ
1778 1971 1898 2010 Κων-

244 2044 425 2088 σταντίνε
451 2044 696 2098 Μαξέντιος,
732 2042 752 2086 ὁ
777 2043 814 2087 δ’
844 2043 899 2086 ἐπ’
931 2043 1126 2098 ἀνατολῆς
1157 2042 1203 2085 οὐ
1231 2040 1356 2086 πολὺν
1387 2041 1572 2098 ἐπιζήσας
1601 2043 1733 2098 ἐκείνῳ
1757 2043 1898 2100 χρόνον

246 2121 434 2178 αἰσχίστῳ
469 2119 534 2165 καὶ
570 2120 694 2170 αὐτὸς
721 2120 797 2165 ὑπὸ
817 2121 1008 2176 Λικιννία,
1043 2118 1127 2164 ἔπω
1155 2120 1346 2171 μανέντος
1379 2118 1484 2174 τότε,
1517 2123 1782 2178 καταστρέφει
1815 2129 1898 2166 θα-

205 2197 362 2253 2νοίτῳ.
424 2197 616 2255 πρότερός
653 2218 694 2255 γε
728 2199 804 2255 μὴν
842 2197 862 2241 ὁ
899 2197 964 2241 καὶ
1007 2201 1102 2253 τιμῇ
1135 2196 1200 2241 καὶ
1235 2196 1344 2249 τάξει
1384 2201 1455 2253 τῆς
1493 2198 1698 2256 βασιλείας
1736 2202 1897 2256 πρῶτος
1921 2216 1966 2249 25

245 2283 562 2331 Κωνσταντῖνος,
592 2279 671 2320 τῶν
699 2274 762 2320 ἐπὶ
785 2275 931 2331 Ῥώμης
959 2275 1360 2331 κατατυραννεμένων
1388 2274 1508 2330 φειδῶ
1533 2274 1680 2333 λαβών,
1705 2275 1804 2320 θεὸν
1828 2273 1898 2321 τὸν

245 2353 416 2411 ἔροένιον,
451 2354 518 2398 τόν
553 2372 595 2397 τε
630 2352 723 2397 τότε
758 2352 886 2409 λόγον,
922 2352 1046 2396 αὐτὸν
1080 2350 1125 2408 δὴ
1162 2352 1233 2396 τὸν
1266 2351 1426 2396 πάντων
1454 2355 1614 2410 σωτῆρα
1641 2353 1766 2410 Ἰησὲν
1791 2360 1898 2410 Χρι-

247 2433 341 2477 στὸν
376 2431 580 2488 σύμμαχον
614 2430 657 2474 δι’
695 2430 816 2487 εὐχῶν
840 2429 1185 2487 ἐπικαλεσάμενος,
1219 2429 1375 2484 πρόεισι
1402 2433 1667 2488 πανστρατιᾷ,
1691 2430 1899 2488 Ῥωμαίοις

208 2515 229 2554 3
246 2507 298 2554 τοὶ
320 2513 391 2567 τῆς
411 2511 452 2554 ἐκ
475 2508 680 2566 προγόνων
705 2508 934 2564 ἐλευθερίας
953 2508 1243 2565 προμνώμενος.
1288 2507 1488 2559 Μαξεντίο
1515 2510 1614 2564 δῆτα
1635 2511 1788 2564 μᾶλλον
1809 2517 1899 2560 ταῖς

340 2674 373 2708 8.
400 2667 567 2714 α’πεόίὸει]
596 2666 734 2704 ἐπεὸίδει
758 2668 791 2702 Ῑι.
833 2668 838 2714 Ι
879 2675 935 2707 12.
963 2665 1020 2714 δ’]
1047 2668 1077 2703 τ’
1102 2669 1220 2713 volgO.
1258 2668 1263 2714 Ι
1304 2672 1361 2707 18.
1385 2670 1550 2703 Λικιννίει
1575 2689 1617 2696 -
1650 2671 1897 2715 τετιμημένων

246 2728 324 2763 add.
346 2728 528 2773 bcdfyik
545 2729 665 2771 VHB,
682 2740 748 2762 om.
775 2718 901 2763 aeus.
928 2727 934 2771 Ι
962 2734 1017 2765 20.
1038 2725 1099 2762 διο
1122 2730 1225 2773 οεοφ.
1247 2727 1326 2762 add.
1347 2726 1499 2771 bcdfik
1514 2726 1634 2769 VHB,
1653 2738 1720 2762 om.
1741 2729 1889 2775 aem}

246 2785 308 2823 δύο
334 2788 412 2822 add.
439 2787 677 2831 eyn-VEB,
702 2798 767 2821 om.
794 2787 940 2831 aeth.
971 2787 976 2833 Ι
1007 2793 1063 2825 21.
1090 2783 1374 2831 ἁνεγηγερμὲνων
1399 2785 1741 2831 bcdefqikVHB‚
1766 2786 1896 2833 ἀνεγη-

247 2848 394 2892 γερμὲνε
418 2846 512 2881 ahs.
550 2846 652 2888 „hino
675 2850 769 2891 patet
791 2847 893 2890 hujus
918 2846 988 2880 loci
1014 2846 1229 2891 depravatio:
1265 2845 1332 2879 soli
1356 2846 1447 2878 enim
1472 2845 1529 2880 αῘι
1554 2842 1835 2891 ᾰνεγηγερμένων
1859 2848 1898 2881 in

249 2903 503 2951 οἷνεγηγερμένει
528 2906 804 2947 immutaverunt,
829 2917 846 2940 e
871 2917 963 2948 vero,
988 2906 1046 2949 qui
1074 2909 1108 2938 et
1130 2905 1204 2949 ipse
1228 2904 1356 2938 Licinii
1380 2915 1504 2938 nomen
1528 2905 1704 2949 expunxit,
1728 2905 1897 2950 pluralem

248 2962 533 3010 οἱνεγηγερμένων
557 2965 694 2998 incaute
716 2965 888 2998 retinuit.“
913 2964 1060 2998 Burton.
1102 2965 1107 3007 l
1145 2961 1470 3007 παραταξαμένων]
1495 2961 1772 3009 παραταξαμένθ
1796 2963 1897 2999 aeS:

250 3024 312 3057 sed
334 3026 371 3057 in
396 3024 419 3057 h
443 3027 556 3058 exstat
576 3022 894 3067 παραταξαμένων.
919 3022 924 3068 Ι
958 3028 1013 3060 22.
1031 3018 1170 3066 αὐτοῖς]
1200 3018 1298 3066 αὐτῷ
1321 3021 1444 3056 aehS.
1474 3021 1478 3068 Ι
1509 3024 1780 3058 Κωνσταντῗνον
1803 3023 1865 3059 eh.
1885 3021 1893 3070 Ι

251 3087 308 3119 23.
336 3079 407 3127 ἐπ’]
435 3079 496 3116 ἀπ’
522 3094 549 3115 c.
581 3080 586 3127 Ι
619 3087 675 3119 24.
701 3086 778 3126 post
803 3077 952 3125 θανάτῳ
978 3079 1055 3113 add.
1081 3079 1177 3114 τέλος
1203 3080 1236 3113 Ῐι.
