2004 3422
626 653 1276 707 PRAEFATIO.

251 932 560 1001 Redemptor
592 937 722 999 hujus
765 935 864 985 libri
907 937 1272 998 honestissimuS,
1312 953 1445 1001 quum
1489 938 1783 988 animadver-

118 1027 244 1075 tisset
278 1025 523 1074 desiderari
559 1042 584 1073 a
619 1027 764 1074 multis
798 1026 1010 1075 historiae
1027 1026 1213 1075 Eusebii
1240 1028 1579 1077 ecclesiasticae
1614 1028 1783 1077 editio-

117 1131 220 1163 nem
246 1131 361 1176 eam,
380 1131 496 1179 quae
519 1123 563 1164 et
581 1117 726 1179 pretio
747 1131 876 1179 quam
897 1117 1073 1164 minimo
1102 1118 1297 1177 veniret,
1323 1124 1367 1165 et
1388 1116 1530 1166 verba
1550 1118 1783 1182 scriptoris

118 1205 353 1254 exhiberet
387 1221 516 1269 quam
553 1205 928 1267 emendatissima,
963 1205 1173 1269 precihus
1202 1222 1273 1254 me
1304 1206 1424 1268 adiit,
1458 1214 1522 1268 ut,
1560 1207 1782 1271 quemad-

116 1294 293 1342 modum
327 1302 428 1342 ante
457 1295 537 1343 hos
566 1296 758 1357 quinque
780 1310 921 1343 annos
946 1294 1190 1344 Clementis
1218 1296 1409 1345 Romani
1433 1312 1549 1360 quae
1578 1298 1783 1347 feruntur

116 1386 317 1434 homilias
337 1384 593 1442 edidissem,
615 1385 675 1430 ita
703 1399 821 1432 mmc
847 1384 1134 1431 adornandae
1159 1385 1379 1445 ejusmodi
1399 1386 1604 1436 editionis
1630 1402 1782 1436 curam

117 1469 405 1538 susciperem.
473 1488 563 1534 ego
598 1487 740 1532 vero,
775 1488 1024 1535 quanquam
1057 1474 1230 1520 interea
1264 1475 1310 1521 in
1341 1474 1569 1525 diversum
1602 1476 1782 1526 studio-

117 1577 213 1610 rum
243 1577 393 1624 genus
427 1568 757 1623 transgressus,
795 1568 838 1609 et
871 1562 958 1609 hoc
991 1563 1089 1625 ipso
1123 1569 1326 1626 tempore
1359 1565 1406 1612 in
1439 1565 1579 1628 longe
1612 1565 1782 1615 diversi

117 1652 267 1714 operis
301 1651 524 1698 molimine
558 1658 818 1713 occupatus,
849 1651 966 1697 haud
995 1651 1322 1714 aspernandam
1347 1659 1496 1702 tamen
1531 1670 1637 1703 esse
1672 1657 1780 1703 exi—

115 1740 304 1788 stumavi
349 1737 658 1786 condicionem
699 1739 819 1785 illam
861 1755 885 1785 a
926 1741 1026 1787 viro
1070 1740 1384 1790 honestissimo
1427 1742 1529 1791 mihi
1573 1742 1779 1793 oblatam.

115 1830 278 1876 etenim
299 1843 389 1876 non
412 1828 457 1875 id
484 1829 558 1890 agi
584 1827 809 1888 videbam,
830 1835 877 1876 ut
906 1831 1164 1892 conquisitis
1185 1831 1381 1894 undique
1410 1831 1618 1882 subsidiis
1644 1836 1779 1883 novis

113 1933 233 1965 nova
287 1919 437 1982 operis
487 1916 732 1966 Eusebiani
784 1920 993 1966 recensio
1046 1921 1377 1982 institueretur,
1425 1921 1509 1970 sed
1550 1929 1599 1970 ut
1645 1923 1778 1971 adhi-

112 2006 212 2055 bitis
264 2005 527 2068 adjumentis
578 2008 656 2066 iis,
714 2023 829 2070 quae
877 2016 1059 2071 praesto
1105 2017 1283 2070 essent,
1342 2026 1540 2061 excusso
1585 2014 1780 2062 maxime

115 2103 328 2159 apparatu
363 2111 445 2156 eo,
492 2111 623 2159 quem
657 2096 843 2144 Burtoni
878 2097 1224 2159 Anglobritanni
1270 2099 1485 2148 industria
1528 2105 1778 2165 congessit,

115 2185 343 2247 scriptoris
379 2187 520 2233 oratio
566 2187 909 2234 constitueretur
951 2187 1174 2249 aliquanto
1218 2189 1519 2253 emendatius,
1568 2208 1699 2256 quam
1732 2194 1778 2242 id

115 2272 258 2319 adhuc
289 2272 454 2320 factum
487 2280 596 2321 erat.
664 2276 813 2337 itaque
848 2284 1033 2341 accepta
1068 2276 1358 2339 condicione,
1393 2282 1683 2346 sepositoque
1719 2283 1777 2332 ad

113 2361 437 2425 profligandum
464 2376 592 2425 opus,
616 2371 822 2425 quantum
844 2368 950 2414 satis
976 2381 1080 2414 esse
1107 2366 1358 2429 videbatur,
1378 2373 1590 2435 temporis
1613 2374 1775 2436 spatio,

114 2450 170 2497 ad
204 2466 300 2498 rem
333 2451 580 2513 gerendam
609 2467 678 2498 me
713 2455 905 2514 accinxi,
936 2462 981 2503 et
1011 2457 1156 2503 tritum
1183 2456 1286 2504 mihi
1321 2459 1542 2521 quondam
1573 2462 1772 2526 scripto-

113 2555 208 2587 rem
242 2539 389 2587 denuo
424 2547 700 2603 pertractare
732 2543 908 2592 institui.

242 2627 341 2675 Jam
372 2644 482 2692 quas
516 2631 713 2678 rationes
753 2633 796 2679 in
832 2648 888 2681 eo
927 2633 1242 2698 pertractando
1288 2634 1556 2702 edendoque
1589 2645 1771 2689 secutus

113 2718 219 2777 sim,
264 2719 416 2781 paucis
455 2719 768 2782 exponendum
803 2729 885 2770 est.
953 2723 1081 2770 fuere
1114 2725 1281 2787 prim0,
1313 2727 1387 2788 qui
1421 2726 1689 2790 suaderent,
1723 2736 1772 2778 ut

115 2812 262 2854 textus
284 2806 467 2854 Eusehii
496 2809 706 2870 vulgatus
736 2811 991 2874 (vulgatum
1016 2820 1163 2860 autem
1192 2813 1291 2862 dico
1319 2829 1436 2875 eum,
1472 2831 1604 2879 quem
1619 2816 1769 2866 Vale-

113 2895 204 2943 sius
237 2896 296 2942 ita
328 2898 550 2945 constituit
584 2904 629 2944 et
661 2897 975 2949 Heinichenius
1007 2902 1208 2966 pauculis
1242 2902 1502 2966 quibusdam
1533 2905 1770 2958 immutatis

111 2983 268 3030 iterum
303 2986 638 3048 exprimendum
675 2990 870 3049 curavit)
917 2989 1064 3038 denuo
1100 2993 1218 3055 typis
1263 2991 1594 3044 describeretur
1636 3011 1767 3060 quam

111 3075 455 3123 accuratissime.
520 3075 566 3122 id
601 3083 646 3123 ut
676 3076 819 3139 fieret,
853 3087 1009 3128 auctor
1038 3095 1129 3142 ego
1165 3095 1270 3129 esse
1303 3083 1427 3145 potui
1460 3084 1582 3135 nullo
1617 3085 1765 3136 modo,

1400 3181 1480 3226 Az
